%YAML 1.1
%TAG !u! tag:unity3d.com,2011:
--- !u!1 &2869952636615049436
GameObject:
  m_ObjectHideFlags: 0
  m_CorrespondingSourceObject: {fileID: 0}
  m_PrefabInstance: {fileID: 0}
  m_PrefabAsset: {fileID: 0}
  serializedVersion: 6
  m_Component:
  - component: {fileID: 2869952636615049432}
  - component: {fileID: -6319399603386373210}
  - component: {fileID: 4927953250802138285}
  - component: {fileID: 9090647696646867704}
  - component: {fileID: 6703422075276642040}
  - component: {fileID: 2869952636615049435}
  - component: {fileID: -6134143988970488194}
  - component: {fileID: 4564814443774633871}
  - component: {fileID: -212984497113062687}
  - component: {fileID: 8147153804087626915}
  m_Layer: 9
  m_Name: AlienHorror
  m_TagString: Untagged
  m_Icon: {fileID: 0}
  m_NavMeshLayer: 0
  m_StaticEditorFlags: 0
  m_IsActive: 1
--- !u!4 &2869952636615049432
Transform:
  m_ObjectHideFlags: 0
  m_CorrespondingSourceObject: {fileID: 0}
  m_PrefabInstance: {fileID: 0}
  m_PrefabAsset: {fileID: 0}
  m_GameObject: {fileID: 2869952636615049436}
  m_LocalRotation: {x: 0, y: 0, z: 0, w: 1}
  m_LocalPosition: {x: 0, y: 0, z: 0}
  m_LocalScale: {x: 1, y: 1, z: 1}
  m_Children:
  - {fileID: 8147276156324487802}
  - {fileID: 4270410292796469845}
  - {fileID: 6383614711671728924}
  - {fileID: 5443995483648635486}
  - {fileID: 3211372377126531916}
  m_Father: {fileID: 0}
  m_RootOrder: 0
  m_LocalEulerAnglesHint: {x: 0, y: 0, z: 0}
--- !u!114 &-6319399603386373210
MonoBehaviour:
  m_ObjectHideFlags: 0
  m_CorrespondingSourceObject: {fileID: 0}
  m_PrefabInstance: {fileID: 0}
  m_PrefabAsset: {fileID: 0}
  m_GameObject: {fileID: 2869952636615049436}
  m_Enabled: 1
  m_EditorHideFlags: 0
  m_Script: {fileID: 11500000, guid: ed66f3f49475b45068fd72d35b710e6d, type: 3}
  m_Name: 
  m_EditorClassIdentifier: 
  prefabName: Walking
  DamagePoint: {fileID: 2869952636724137098}
  Health: 1500
  MaxHealth: 1500
  healthBar: {fileID: 7388959025393635389}
  vFXManager: {fileID: 3219892898466649734}
  animation: {fileID: 4564814443774633871}
  isPlayer: 0
  enemyID: 0
--- !u!114 &4927953250802138285
MonoBehaviour:
  m_ObjectHideFlags: 0
  m_CorrespondingSourceObject: {fileID: 0}
  m_PrefabInstance: {fileID: 0}
  m_PrefabAsset: {fileID: 0}
  m_GameObject: {fileID: 2869952636615049436}
  m_Enabled: 1
  m_EditorHideFlags: 0
  m_Script: {fileID: 11500000, guid: 474aa26b62a2a4cdab246f7544a68bcf, type: 3}
  m_Name: 
  m_EditorClassIdentifier: 
  parameters:
    movementDisplacement: 1
    sleepTime: 2
  mask:
    serializedVersion: 2
    m_Bits: 256
  navMeshAgent: {fileID: 0}
--- !u!114 &9090647696646867704
MonoBehaviour:
  m_ObjectHideFlags: 0
  m_CorrespondingSourceObject: {fileID: 0}
  m_PrefabInstance: {fileID: 0}
  m_PrefabAsset: {fileID: 0}
  m_GameObject: {fileID: 2869952636615049436}
  m_Enabled: 1
  m_EditorHideFlags: 0
  m_Script: {fileID: 11500000, guid: 6ac5c14573feb4baabb1b02be8090d24, type: 3}
  m_Name: 
  m_EditorClassIdentifier: 
  parameters:
    health: 10
    damage: 2
--- !u!114 &6703422075276642040
MonoBehaviour:
  m_ObjectHideFlags: 0
  m_CorrespondingSourceObject: {fileID: 0}
  m_PrefabInstance: {fileID: 0}
  m_PrefabAsset: {fileID: 0}
  m_GameObject: {fileID: 2869952636615049436}
  m_Enabled: 1
  m_EditorHideFlags: 0
  m_Script: {fileID: 11500000, guid: a9acc856c156148ce9b612a80ad37029, type: 3}
  m_Name: 
  m_EditorClassIdentifier: 
  parameters:
    movementSpeed: 1
    position: {x: 0, y: 0, z: 0}
    rotation: {x: 0, y: 0, z: 0, w: 0}
--- !u!54 &2869952636615049435
Rigidbody:
  m_ObjectHideFlags: 0
  m_CorrespondingSourceObject: {fileID: 0}
  m_PrefabInstance: {fileID: 0}
  m_PrefabAsset: {fileID: 0}
  m_GameObject: {fileID: 2869952636615049436}
  serializedVersion: 2
  m_Mass: 1
  m_Drag: 0
  m_AngularDrag: Infinity
  m_UseGravity: 0
  m_IsKinematic: 0
  m_Interpolate: 0
  m_Constraints: 84
  m_CollisionDetection: 0
--- !u!195 &-6134143988970488194
NavMeshAgent:
  m_ObjectHideFlags: 0
  m_CorrespondingSourceObject: {fileID: 0}
  m_PrefabInstance: {fileID: 0}
  m_PrefabAsset: {fileID: 0}
  m_GameObject: {fileID: 2869952636615049436}
  m_Enabled: 1
  m_AgentTypeID: 0
  m_Radius: 0.75
  m_Speed: 1
  m_Acceleration: 8
  avoidancePriority: 50
  m_AngularSpeed: 120
  m_StoppingDistance: 1
  m_AutoTraverseOffMeshLink: 1
  m_AutoBraking: 1
  m_AutoRepath: 1
  m_Height: 0.89
  m_BaseOffset: 0
  m_WalkableMask: 4294967295
  m_ObstacleAvoidanceType: 4
--- !u!114 &4564814443774633871
MonoBehaviour:
  m_ObjectHideFlags: 0
  m_CorrespondingSourceObject: {fileID: 0}
  m_PrefabInstance: {fileID: 0}
  m_PrefabAsset: {fileID: 0}
  m_GameObject: {fileID: 2869952636615049436}
  m_Enabled: 1
  m_EditorHideFlags: 0
  m_Script: {fileID: 11500000, guid: c4f7adbb3a4f112428a84569ec493708, type: 3}
  m_Name: 
  m_EditorClassIdentifier: 
  ForwardAnimationParameter: Walk Forward Fast
  DieAnimationParameter: Die
  AttackAnimationParametet: Tail Stab Attack
  animator: {fileID: 6383614711680746744}
--- !u!114 &-212984497113062687
MonoBehaviour:
  m_ObjectHideFlags: 0
  m_CorrespondingSourceObject: {fileID: 0}
  m_PrefabInstance: {fileID: 0}
  m_PrefabAsset: {fileID: 0}
  m_GameObject: {fileID: 2869952636615049436}
  m_Enabled: 1
  m_EditorHideFlags: 0
  m_Script: {fileID: 11500000, guid: 50538ac914b456a40928c639a76b113f, type: 3}
  m_Name: 
  m_EditorClassIdentifier: 
  parameters:
    shotFrequency: 1
  arms: {fileID: 0}
  shotPoint: {fileID: 4270410292796469845}
  Damage: 0
--- !u!65 &8147153804087626915
BoxCollider:
  m_ObjectHideFlags: 0
  m_CorrespondingSourceObject: {fileID: 0}
  m_PrefabInstance: {fileID: 0}
  m_PrefabAsset: {fileID: 0}
  m_GameObject: {fileID: 2869952636615049436}
  m_Material: {fileID: 0}
  m_IsTrigger: 0
  m_Enabled: 1
  serializedVersion: 2
  m_Size: {x: 1.7935333, y: 1.6104225, z: 1.7220192}
  m_Center: {x: -0.002628684, y: 0.85737675, z: 0.03233683}
--- !u!1 &2869952636724137099
GameObject:
  m_ObjectHideFlags: 0
  m_CorrespondingSourceObject: {fileID: 0}
  m_PrefabInstance: {fileID: 0}
  m_PrefabAsset: {fileID: 0}
  serializedVersion: 6
  m_Component:
  - component: {fileID: 2869952636724137098}
  - component: {fileID: 2869952636724137092}
  - component: {fileID: 2869952636724137093}
  m_Layer: 0
  m_Name: Capsule
  m_TagString: Untagged
  m_Icon: {fileID: 0}
  m_NavMeshLayer: 0
  m_StaticEditorFlags: 0
  m_IsActive: 1
--- !u!4 &2869952636724137098
Transform:
  m_ObjectHideFlags: 0
  m_CorrespondingSourceObject: {fileID: 0}
  m_PrefabInstance: {fileID: 0}
  m_PrefabAsset: {fileID: 0}
  m_GameObject: {fileID: 2869952636724137099}
  m_LocalRotation: {x: -0, y: -0, z: -0, w: 1}
  m_LocalPosition: {x: 0, y: 1, z: 0}
  m_LocalScale: {x: 1, y: 1, z: 1}
  m_Children: []
  m_Father: {fileID: 8147276156324487802}
  m_RootOrder: 0
  m_LocalEulerAnglesHint: {x: 0, y: 0, z: 0}
--- !u!33 &2869952636724137092
MeshFilter:
  m_ObjectHideFlags: 0
  m_CorrespondingSourceObject: {fileID: 0}
  m_PrefabInstance: {fileID: 0}
  m_PrefabAsset: {fileID: 0}
  m_GameObject: {fileID: 2869952636724137099}
  m_Mesh: {fileID: 10208, guid: 0000000000000000e000000000000000, type: 0}
--- !u!23 &2869952636724137093
MeshRenderer:
  m_ObjectHideFlags: 0
  m_CorrespondingSourceObject: {fileID: 0}
  m_PrefabInstance: {fileID: 0}
  m_PrefabAsset: {fileID: 0}
  m_GameObject: {fileID: 2869952636724137099}
  m_Enabled: 1
  m_CastShadows: 1
  m_ReceiveShadows: 0
  m_DynamicOccludee: 0
  m_MotionVectors: 1
  m_LightProbeUsage: 1
  m_ReflectionProbeUsage: 1
  m_RayTracingMode: 2
  m_RenderingLayerMask: 1
  m_RendererPriority: 0
  m_Materials:
  - {fileID: 2100000, guid: 4bd2e083839f3433cae1be85a50274a0, type: 2}
  m_StaticBatchInfo:
    firstSubMesh: 0
    subMeshCount: 0
  m_StaticBatchRoot: {fileID: 0}
  m_ProbeAnchor: {fileID: 0}
  m_LightProbeVolumeOverride: {fileID: 0}
  m_ScaleInLightmap: 1
  m_ReceiveGI: 1
  m_PreserveUVs: 0
  m_IgnoreNormalsForChartDetection: 0
  m_ImportantGI: 0
  m_StitchLightmapSeams: 1
  m_SelectedEditorRenderState: 3
  m_MinimumChartSize: 4
  m_AutoUVMaxDistance: 0.5
  m_AutoUVMaxAngle: 89
  m_LightmapParameters: {fileID: 0}
  m_SortingLayerID: 0
  m_SortingLayer: 0
  m_SortingOrder: 0
--- !u!1 &3209960969939172366
GameObject:
  m_ObjectHideFlags: 0
  m_CorrespondingSourceObject: {fileID: 0}
  m_PrefabInstance: {fileID: 0}
  m_PrefabAsset: {fileID: 0}
  serializedVersion: 6
  m_Component:
  - component: {fileID: 4270410292796469845}
  m_Layer: 0
  m_Name: ShotPoint
  m_TagString: Untagged
  m_Icon: {fileID: 0}
  m_NavMeshLayer: 0
  m_StaticEditorFlags: 0
  m_IsActive: 1
--- !u!4 &4270410292796469845
Transform:
  m_ObjectHideFlags: 0
  m_CorrespondingSourceObject: {fileID: 0}
  m_PrefabInstance: {fileID: 0}
  m_PrefabAsset: {fileID: 0}
  m_GameObject: {fileID: 3209960969939172366}
  m_LocalRotation: {x: -0, y: -0, z: -0, w: 1}
  m_LocalPosition: {x: 0, y: 0.751, z: 0.742}
  m_LocalScale: {x: 1, y: 1, z: 1}
  m_Children: []
  m_Father: {fileID: 2869952636615049432}
  m_RootOrder: 1
  m_LocalEulerAnglesHint: {x: 0, y: 0, z: 0}
--- !u!1 &4725977084508588648
GameObject:
  m_ObjectHideFlags: 0
  m_CorrespondingSourceObject: {fileID: 0}
  m_PrefabInstance: {fileID: 0}
  m_PrefabAsset: {fileID: 0}
  serializedVersion: 6
  m_Component:
  - component: {fileID: 1160836986396356259}
  - component: {fileID: 7203485004544606052}
  - component: {fileID: 8263356512314971453}
  m_Layer: 0
  m_Name: Bow
  m_TagString: Untagged
  m_Icon: {fileID: 0}
  m_NavMeshLayer: 0
  m_StaticEditorFlags: 0
  m_IsActive: 1
--- !u!4 &1160836986396356259
Transform:
  m_ObjectHideFlags: 0
  m_CorrespondingSourceObject: {fileID: 0}
  m_PrefabInstance: {fileID: 0}
  m_PrefabAsset: {fileID: 0}
  m_GameObject: {fileID: 4725977084508588648}
  m_LocalRotation: {x: -0, y: -0, z: 0.83261275, w: 0.5538557}
  m_LocalPosition: {x: 0, y: 1, z: 1}
  m_LocalScale: {x: 0.2000005, y: 0.50000125, z: 0.2}
  m_Children: []
  m_Father: {fileID: 8147276156324487802}
  m_RootOrder: 1
  m_LocalEulerAnglesHint: {x: 0, y: 0, z: 112.73601}
--- !u!33 &7203485004544606052
MeshFilter:
  m_ObjectHideFlags: 0
  m_CorrespondingSourceObject: {fileID: 0}
  m_PrefabInstance: {fileID: 0}
  m_PrefabAsset: {fileID: 0}
  m_GameObject: {fileID: 4725977084508588648}
  m_Mesh: {fileID: 10206, guid: 0000000000000000e000000000000000, type: 0}
--- !u!23 &8263356512314971453
MeshRenderer:
  m_ObjectHideFlags: 0
  m_CorrespondingSourceObject: {fileID: 0}
  m_PrefabInstance: {fileID: 0}
  m_PrefabAsset: {fileID: 0}
  m_GameObject: {fileID: 4725977084508588648}
  m_Enabled: 1
  m_CastShadows: 0
  m_ReceiveShadows: 0
  m_DynamicOccludee: 0
  m_MotionVectors: 1
  m_LightProbeUsage: 1
  m_ReflectionProbeUsage: 1
  m_RayTracingMode: 2
  m_RenderingLayerMask: 1
  m_RendererPriority: 0
  m_Materials:
  - {fileID: 2100000, guid: 56c45adc4ef684eab8fe17812cc38652, type: 2}
  m_StaticBatchInfo:
    firstSubMesh: 0
    subMeshCount: 0
  m_StaticBatchRoot: {fileID: 0}
  m_ProbeAnchor: {fileID: 0}
  m_LightProbeVolumeOverride: {fileID: 0}
  m_ScaleInLightmap: 1
  m_ReceiveGI: 1
  m_PreserveUVs: 0
  m_IgnoreNormalsForChartDetection: 0
  m_ImportantGI: 0
  m_StitchLightmapSeams: 1
  m_SelectedEditorRenderState: 3
  m_MinimumChartSize: 4
  m_AutoUVMaxDistance: 0.5
  m_AutoUVMaxAngle: 89
  m_LightmapParameters: {fileID: 0}
  m_SortingLayerID: 0
  m_SortingLayer: 0
  m_SortingOrder: 0
--- !u!1 &6025083260980420707
GameObject:
  m_ObjectHideFlags: 0
  m_CorrespondingSourceObject: {fileID: 0}
  m_PrefabInstance: {fileID: 0}
  m_PrefabAsset: {fileID: 0}
  serializedVersion: 6
  m_Component:
  - component: {fileID: 3211372377126531916}
  - component: {fileID: 3219892898466649734}
  m_Layer: 0
  m_Name: VFX
  m_TagString: Untagged
  m_Icon: {fileID: 0}
  m_NavMeshLayer: 0
  m_StaticEditorFlags: 0
  m_IsActive: 1
--- !u!4 &3211372377126531916
Transform:
  m_ObjectHideFlags: 0
  m_CorrespondingSourceObject: {fileID: 0}
  m_PrefabInstance: {fileID: 0}
  m_PrefabAsset: {fileID: 0}
  m_GameObject: {fileID: 6025083260980420707}
  m_LocalRotation: {x: -0, y: -0, z: -0, w: 1}
  m_LocalPosition: {x: 0, y: 0, z: 0}
  m_LocalScale: {x: 1, y: 1, z: 1}
  m_Children:
  - {fileID: 2191169481802032696}
  - {fileID: 1378738068016555404}
  m_Father: {fileID: 2869952636615049432}
  m_RootOrder: 4
  m_LocalEulerAnglesHint: {x: 0, y: 0, z: 0}
--- !u!114 &3219892898466649734
MonoBehaviour:
  m_ObjectHideFlags: 0
  m_CorrespondingSourceObject: {fileID: 0}
  m_PrefabInstance: {fileID: 0}
  m_PrefabAsset: {fileID: 0}
  m_GameObject: {fileID: 6025083260980420707}
  m_Enabled: 1
  m_EditorHideFlags: 0
  m_Script: {fileID: 11500000, guid: 541ae3d978867e44ea1168afd9f347ea, type: 3}
  m_Name: 
  m_EditorClassIdentifier: 
  Heal: {fileID: 0}
  DamageTaken: {fileID: 1378738068030623524}
  DamageTakenFromThorn: {fileID: 0}
  Death: {fileID: 2191169481782609310}
  Shot: {fileID: 0}
--- !u!65 &4653386582537172738
BoxCollider:
  m_ObjectHideFlags: 0
  m_CorrespondingSourceObject: {fileID: 0}
  m_PrefabInstance: {fileID: 0}
  m_PrefabAsset: {fileID: 0}
  m_GameObject: {fileID: 6383614711671371420}
  m_Material: {fileID: 0}
  m_IsTrigger: 0
  m_Enabled: 1
  serializedVersion: 2
  m_Size: {x: 1.2879145, y: 0.6876687, z: 0.45482153}
  m_Center: {x: -0.4040776, y: 0.033005595, z: -0.023786157}
--- !u!1 &6815603807274058737
GameObject:
  m_ObjectHideFlags: 0
  m_CorrespondingSourceObject: {fileID: 0}
  m_PrefabInstance: {fileID: 0}
  m_PrefabAsset: {fileID: 0}
  serializedVersion: 6
  m_Component:
  - component: {fileID: 8671212696214701416}
  - component: {fileID: 776565703966549388}
  - component: {fileID: 5837558865334333660}
  m_Layer: 0
  m_Name: Glasses
  m_TagString: Untagged
  m_Icon: {fileID: 0}
  m_NavMeshLayer: 0
  m_StaticEditorFlags: 0
  m_IsActive: 1
--- !u!4 &8671212696214701416
Transform:
  m_ObjectHideFlags: 0
  m_CorrespondingSourceObject: {fileID: 0}
  m_PrefabInstance: {fileID: 0}
  m_PrefabAsset: {fileID: 0}
  m_GameObject: {fileID: 6815603807274058737}
  m_LocalRotation: {x: -0, y: -0, z: 0.7071068, w: 0.7071068}
  m_LocalPosition: {x: 0, y: 1.441, z: 0.31199998}
  m_LocalScale: {x: 0.43140978, y: 0.43140978, z: 0.43140906}
  m_Children: []
  m_Father: {fileID: 8147276156324487802}
  m_RootOrder: 2
  m_LocalEulerAnglesHint: {x: 0, y: 0, z: 90}
--- !u!33 &776565703966549388
MeshFilter:
  m_ObjectHideFlags: 0
  m_CorrespondingSourceObject: {fileID: 0}
  m_PrefabInstance: {fileID: 0}
  m_PrefabAsset: {fileID: 0}
  m_GameObject: {fileID: 6815603807274058737}
  m_Mesh: {fileID: 10208, guid: 0000000000000000e000000000000000, type: 0}
--- !u!23 &5837558865334333660
MeshRenderer:
  m_ObjectHideFlags: 0
  m_CorrespondingSourceObject: {fileID: 0}
  m_PrefabInstance: {fileID: 0}
  m_PrefabAsset: {fileID: 0}
  m_GameObject: {fileID: 6815603807274058737}
  m_Enabled: 1
  m_CastShadows: 0
  m_ReceiveShadows: 0
  m_DynamicOccludee: 0
  m_MotionVectors: 1
  m_LightProbeUsage: 1
  m_ReflectionProbeUsage: 1
  m_RayTracingMode: 2
  m_RenderingLayerMask: 1
  m_RendererPriority: 0
  m_Materials:
  - {fileID: 2100000, guid: 39c17ef02d7984b16941fb4f35556b8d, type: 2}
  m_StaticBatchInfo:
    firstSubMesh: 0
    subMeshCount: 0
  m_StaticBatchRoot: {fileID: 0}
  m_ProbeAnchor: {fileID: 0}
  m_LightProbeVolumeOverride: {fileID: 0}
  m_ScaleInLightmap: 1
  m_ReceiveGI: 1
  m_PreserveUVs: 0
  m_IgnoreNormalsForChartDetection: 0
  m_ImportantGI: 0
  m_StitchLightmapSeams: 1
  m_SelectedEditorRenderState: 3
  m_MinimumChartSize: 4
  m_AutoUVMaxDistance: 0.5
  m_AutoUVMaxAngle: 89
  m_LightmapParameters: {fileID: 0}
  m_SortingLayerID: 0
  m_SortingLayer: 0
  m_SortingOrder: 0
--- !u!1 &9078295191602449567
GameObject:
  m_ObjectHideFlags: 0
  m_CorrespondingSourceObject: {fileID: 0}
  m_PrefabInstance: {fileID: 0}
  m_PrefabAsset: {fileID: 0}
  serializedVersion: 6
  m_Component:
  - component: {fileID: 8147276156324487802}
  - component: {fileID: 2347616371248325083}
  m_Layer: 9
  m_Name: Size
  m_TagString: Untagged
  m_Icon: {fileID: 0}
  m_NavMeshLayer: 0
  m_StaticEditorFlags: 0
  m_IsActive: 0
--- !u!4 &8147276156324487802
Transform:
  m_ObjectHideFlags: 0
  m_CorrespondingSourceObject: {fileID: 0}
  m_PrefabInstance: {fileID: 0}
  m_PrefabAsset: {fileID: 0}
  m_GameObject: {fileID: 9078295191602449567}
  m_LocalRotation: {x: 0, y: 0, z: 0, w: 1}
  m_LocalPosition: {x: 0, y: 0, z: 0}
  m_LocalScale: {x: 0.7, y: 0.7, z: 0.7}
  m_Children:
  - {fileID: 2869952636724137098}
  - {fileID: 1160836986396356259}
  - {fileID: 8671212696214701416}
  m_Father: {fileID: 2869952636615049432}
  m_RootOrder: 0
  m_LocalEulerAnglesHint: {x: 0, y: 0, z: 0}
--- !u!136 &2347616371248325083
CapsuleCollider:
  m_ObjectHideFlags: 0
  m_CorrespondingSourceObject: {fileID: 0}
  m_PrefabInstance: {fileID: 0}
  m_PrefabAsset: {fileID: 0}
  m_GameObject: {fileID: 9078295191602449567}
  m_Material: {fileID: 0}
  m_IsTrigger: 0
  m_Enabled: 1
  m_Radius: 0.5
  m_Height: 2
  m_Direction: 1
  m_Center: {x: 0, y: 1, z: 0}
--- !u!1001 &1378738068016136466
PrefabInstance:
  m_ObjectHideFlags: 0
  serializedVersion: 2
  m_Modification:
    m_TransformParent: {fileID: 3211372377126531916}
    m_Modifications:
    - target: {fileID: 145172, guid: dbc886d3433d6aa4786fa9807aed6a71, type: 3}
      propertyPath: m_Name
      value: BulletMuzzleBlue
      objectReference: {fileID: 0}
    - target: {fileID: 418974, guid: dbc886d3433d6aa4786fa9807aed6a71, type: 3}
      propertyPath: m_LocalPosition.x
      value: 0
      objectReference: {fileID: 0}
    - target: {fileID: 418974, guid: dbc886d3433d6aa4786fa9807aed6a71, type: 3}
      propertyPath: m_LocalPosition.y
      value: 1.04
      objectReference: {fileID: 0}
    - target: {fileID: 418974, guid: dbc886d3433d6aa4786fa9807aed6a71, type: 3}
      propertyPath: m_LocalPosition.z
      value: 0.22
      objectReference: {fileID: 0}
    - target: {fileID: 418974, guid: dbc886d3433d6aa4786fa9807aed6a71, type: 3}
      propertyPath: m_LocalRotation.x
      value: -0.7071068
      objectReference: {fileID: 0}
    - target: {fileID: 418974, guid: dbc886d3433d6aa4786fa9807aed6a71, type: 3}
      propertyPath: m_LocalRotation.y
      value: 0
      objectReference: {fileID: 0}
    - target: {fileID: 418974, guid: dbc886d3433d6aa4786fa9807aed6a71, type: 3}
      propertyPath: m_LocalRotation.z
      value: 0
      objectReference: {fileID: 0}
    - target: {fileID: 418974, guid: dbc886d3433d6aa4786fa9807aed6a71, type: 3}
      propertyPath: m_LocalRotation.w
      value: 0.7071068
      objectReference: {fileID: 0}
    - target: {fileID: 418974, guid: dbc886d3433d6aa4786fa9807aed6a71, type: 3}
      propertyPath: m_RootOrder
      value: 1
      objectReference: {fileID: 0}
    - target: {fileID: 418974, guid: dbc886d3433d6aa4786fa9807aed6a71, type: 3}
      propertyPath: m_LocalEulerAnglesHint.x
      value: -90
      objectReference: {fileID: 0}
    - target: {fileID: 418974, guid: dbc886d3433d6aa4786fa9807aed6a71, type: 3}
      propertyPath: m_LocalEulerAnglesHint.y
      value: 0
      objectReference: {fileID: 0}
    - target: {fileID: 418974, guid: dbc886d3433d6aa4786fa9807aed6a71, type: 3}
      propertyPath: m_LocalEulerAnglesHint.z
      value: 0
      objectReference: {fileID: 0}
    m_RemovedComponents: []
  m_SourcePrefab: {fileID: 100100000, guid: dbc886d3433d6aa4786fa9807aed6a71, type: 3}
--- !u!198 &1378738068030623524 stripped
ParticleSystem:
  m_CorrespondingSourceObject: {fileID: 19861046, guid: dbc886d3433d6aa4786fa9807aed6a71,
    type: 3}
  m_PrefabInstance: {fileID: 1378738068016136466}
  m_PrefabAsset: {fileID: 0}
--- !u!4 &1378738068016555404 stripped
Transform:
  m_CorrespondingSourceObject: {fileID: 418974, guid: dbc886d3433d6aa4786fa9807aed6a71,
    type: 3}
  m_PrefabInstance: {fileID: 1378738068016136466}
  m_PrefabAsset: {fileID: 0}
--- !u!1001 &2191169481801871328
PrefabInstance:
  m_ObjectHideFlags: 0
  serializedVersion: 2
  m_Modification:
    m_TransformParent: {fileID: 3211372377126531916}
    m_Modifications:
    - target: {fileID: 119968, guid: 915a6c775b025984fac4e0bec48690e9, type: 3}
      propertyPath: m_Name
      value: GenericDeath
      objectReference: {fileID: 0}
    - target: {fileID: 428504, guid: 915a6c775b025984fac4e0bec48690e9, type: 3}
      propertyPath: m_LocalPosition.x
      value: 0
      objectReference: {fileID: 0}
    - target: {fileID: 428504, guid: 915a6c775b025984fac4e0bec48690e9, type: 3}
      propertyPath: m_LocalPosition.y
      value: 0.38
      objectReference: {fileID: 0}
    - target: {fileID: 428504, guid: 915a6c775b025984fac4e0bec48690e9, type: 3}
      propertyPath: m_LocalPosition.z
      value: 0
      objectReference: {fileID: 0}
    - target: {fileID: 428504, guid: 915a6c775b025984fac4e0bec48690e9, type: 3}
      propertyPath: m_LocalRotation.x
      value: -0.7071068
      objectReference: {fileID: 0}
    - target: {fileID: 428504, guid: 915a6c775b025984fac4e0bec48690e9, type: 3}
      propertyPath: m_LocalRotation.y
      value: 0
      objectReference: {fileID: 0}
    - target: {fileID: 428504, guid: 915a6c775b025984fac4e0bec48690e9, type: 3}
      propertyPath: m_LocalRotation.z
      value: 0
      objectReference: {fileID: 0}
    - target: {fileID: 428504, guid: 915a6c775b025984fac4e0bec48690e9, type: 3}
      propertyPath: m_LocalRotation.w
      value: 0.7071068
      objectReference: {fileID: 0}
    - target: {fileID: 428504, guid: 915a6c775b025984fac4e0bec48690e9, type: 3}
      propertyPath: m_RootOrder
      value: 0
      objectReference: {fileID: 0}
    - target: {fileID: 428504, guid: 915a6c775b025984fac4e0bec48690e9, type: 3}
      propertyPath: m_LocalEulerAnglesHint.x
      value: -90
      objectReference: {fileID: 0}
    - target: {fileID: 428504, guid: 915a6c775b025984fac4e0bec48690e9, type: 3}
      propertyPath: m_LocalEulerAnglesHint.y
      value: 0
      objectReference: {fileID: 0}
    - target: {fileID: 428504, guid: 915a6c775b025984fac4e0bec48690e9, type: 3}
      propertyPath: m_LocalEulerAnglesHint.z
      value: 0
      objectReference: {fileID: 0}
    - target: {fileID: 19862822, guid: 915a6c775b025984fac4e0bec48690e9, type: 3}
      propertyPath: InitialModule.startSizeY.minMaxState
      value: 3
      objectReference: {fileID: 0}
    - target: {fileID: 19862822, guid: 915a6c775b025984fac4e0bec48690e9, type: 3}
      propertyPath: InitialModule.startSizeZ.minMaxState
      value: 3
      objectReference: {fileID: 0}
    - target: {fileID: 19862822, guid: 915a6c775b025984fac4e0bec48690e9, type: 3}
      propertyPath: InitialModule.startRotationX.minMaxState
      value: 3
      objectReference: {fileID: 0}
    - target: {fileID: 19862822, guid: 915a6c775b025984fac4e0bec48690e9, type: 3}
      propertyPath: InitialModule.startRotationY.minMaxState
      value: 3
      objectReference: {fileID: 0}
    m_RemovedComponents: []
  m_SourcePrefab: {fileID: 100100000, guid: 915a6c775b025984fac4e0bec48690e9, type: 3}
--- !u!4 &2191169481802032696 stripped
Transform:
  m_CorrespondingSourceObject: {fileID: 428504, guid: 915a6c775b025984fac4e0bec48690e9,
    type: 3}
  m_PrefabInstance: {fileID: 2191169481801871328}
  m_PrefabAsset: {fileID: 0}
--- !u!198 &2191169481782609310 stripped
ParticleSystem:
  m_CorrespondingSourceObject: {fileID: 19819134, guid: 915a6c775b025984fac4e0bec48690e9,
    type: 3}
  m_PrefabInstance: {fileID: 2191169481801871328}
  m_PrefabAsset: {fileID: 0}
--- !u!1001 &6383614711671337368
PrefabInstance:
  m_ObjectHideFlags: 0
  serializedVersion: 2
  m_Modification:
    m_TransformParent: {fileID: 2869952636615049432}
    m_Modifications:
    - target: {fileID: 100000, guid: c9bd078c5bc985b4f8031aeb86e5b7d3, type: 3}
      propertyPath: m_Layer
      value: 14
      objectReference: {fileID: 0}
    - target: {fileID: 100004, guid: c9bd078c5bc985b4f8031aeb86e5b7d3, type: 3}
      propertyPath: m_Name
      value: Polygonal Alien Horror
      objectReference: {fileID: 0}
    - target: {fileID: 100004, guid: c9bd078c5bc985b4f8031aeb86e5b7d3, type: 3}
      propertyPath: m_Layer
      value: 14
      objectReference: {fileID: 0}
    - target: {fileID: 100010, guid: c9bd078c5bc985b4f8031aeb86e5b7d3, type: 3}
      propertyPath: m_Layer
      value: 14
      objectReference: {fileID: 0}
    - target: {fileID: 100012, guid: c9bd078c5bc985b4f8031aeb86e5b7d3, type: 3}
      propertyPath: m_Layer
      value: 14
      objectReference: {fileID: 0}
    - target: {fileID: 100014, guid: c9bd078c5bc985b4f8031aeb86e5b7d3, type: 3}
      propertyPath: m_Layer
      value: 14
      objectReference: {fileID: 0}
    - target: {fileID: 100016, guid: c9bd078c5bc985b4f8031aeb86e5b7d3, type: 3}
      propertyPath: m_Layer
      value: 14
      objectReference: {fileID: 0}
    - target: {fileID: 100018, guid: c9bd078c5bc985b4f8031aeb86e5b7d3, type: 3}
      propertyPath: m_Layer
      value: 14
      objectReference: {fileID: 0}
    - target: {fileID: 100020, guid: c9bd078c5bc985b4f8031aeb86e5b7d3, type: 3}
      propertyPath: m_Layer
      value: 14
      objectReference: {fileID: 0}
    - target: {fileID: 100022, guid: c9bd078c5bc985b4f8031aeb86e5b7d3, type: 3}
      propertyPath: m_Layer
      value: 14
      objectReference: {fileID: 0}
    - target: {fileID: 100024, guid: c9bd078c5bc985b4f8031aeb86e5b7d3, type: 3}
      propertyPath: m_Layer
      value: 14
      objectReference: {fileID: 0}
    - target: {fileID: 100026, guid: c9bd078c5bc985b4f8031aeb86e5b7d3, type: 3}
      propertyPath: m_Layer
      value: 14
      objectReference: {fileID: 0}
    - target: {fileID: 100028, guid: c9bd078c5bc985b4f8031aeb86e5b7d3, type: 3}
      propertyPath: m_Layer
      value: 14
      objectReference: {fileID: 0}
    - target: {fileID: 100030, guid: c9bd078c5bc985b4f8031aeb86e5b7d3, type: 3}
      propertyPath: m_Layer
      value: 14
      objectReference: {fileID: 0}
    - target: {fileID: 100032, guid: c9bd078c5bc985b4f8031aeb86e5b7d3, type: 3}
      propertyPath: m_Layer
      value: 14
      objectReference: {fileID: 0}
    - target: {fileID: 100034, guid: c9bd078c5bc985b4f8031aeb86e5b7d3, type: 3}
      propertyPath: m_Layer
      value: 14
      objectReference: {fileID: 0}
    - target: {fileID: 100036, guid: c9bd078c5bc985b4f8031aeb86e5b7d3, type: 3}
      propertyPath: m_Layer
      value: 14
      objectReference: {fileID: 0}
    - target: {fileID: 100038, guid: c9bd078c5bc985b4f8031aeb86e5b7d3, type: 3}
      propertyPath: m_Layer
      value: 14
      objectReference: {fileID: 0}
    - target: {fileID: 100040, guid: c9bd078c5bc985b4f8031aeb86e5b7d3, type: 3}
      propertyPath: m_Layer
      value: 14
      objectReference: {fileID: 0}
    - target: {fileID: 100042, guid: c9bd078c5bc985b4f8031aeb86e5b7d3, type: 3}
      propertyPath: m_Layer
      value: 14
      objectReference: {fileID: 0}
    - target: {fileID: 100044, guid: c9bd078c5bc985b4f8031aeb86e5b7d3, type: 3}
      propertyPath: m_Layer
      value: 14
      objectReference: {fileID: 0}
    - target: {fileID: 100046, guid: c9bd078c5bc985b4f8031aeb86e5b7d3, type: 3}
      propertyPath: m_Layer
      value: 14
      objectReference: {fileID: 0}
    - target: {fileID: 100048, guid: c9bd078c5bc985b4f8031aeb86e5b7d3, type: 3}
      propertyPath: m_Layer
      value: 14
      objectReference: {fileID: 0}
    - target: {fileID: 100050, guid: c9bd078c5bc985b4f8031aeb86e5b7d3, type: 3}
      propertyPath: m_Layer
      value: 14
      objectReference: {fileID: 0}
    - target: {fileID: 100052, guid: c9bd078c5bc985b4f8031aeb86e5b7d3, type: 3}
      propertyPath: m_Layer
      value: 14
      objectReference: {fileID: 0}
    - target: {fileID: 100054, guid: c9bd078c5bc985b4f8031aeb86e5b7d3, type: 3}
      propertyPath: m_Layer
      value: 14
      objectReference: {fileID: 0}
    - target: {fileID: 100056, guid: c9bd078c5bc985b4f8031aeb86e5b7d3, type: 3}
      propertyPath: m_Layer
      value: 14
      objectReference: {fileID: 0}
    - target: {fileID: 100058, guid: c9bd078c5bc985b4f8031aeb86e5b7d3, type: 3}
      propertyPath: m_Layer
      value: 14
      objectReference: {fileID: 0}
    - target: {fileID: 100060, guid: c9bd078c5bc985b4f8031aeb86e5b7d3, type: 3}
      propertyPath: m_Layer
      value: 14
      objectReference: {fileID: 0}
    - target: {fileID: 100062, guid: c9bd078c5bc985b4f8031aeb86e5b7d3, type: 3}
      propertyPath: m_Layer
      value: 14
      objectReference: {fileID: 0}
    - target: {fileID: 100064, guid: c9bd078c5bc985b4f8031aeb86e5b7d3, type: 3}
      propertyPath: m_Layer
      value: 14
      objectReference: {fileID: 0}
    - target: {fileID: 100066, guid: c9bd078c5bc985b4f8031aeb86e5b7d3, type: 3}
      propertyPath: m_Layer
      value: 14
      objectReference: {fileID: 0}
    - target: {fileID: 100068, guid: c9bd078c5bc985b4f8031aeb86e5b7d3, type: 3}
      propertyPath: m_Layer
      value: 14
      objectReference: {fileID: 0}
    - target: {fileID: 100070, guid: c9bd078c5bc985b4f8031aeb86e5b7d3, type: 3}
      propertyPath: m_Layer
      value: 14
      objectReference: {fileID: 0}
    - target: {fileID: 100072, guid: c9bd078c5bc985b4f8031aeb86e5b7d3, type: 3}
      propertyPath: m_Layer
      value: 14
      objectReference: {fileID: 0}
    - target: {fileID: 100074, guid: c9bd078c5bc985b4f8031aeb86e5b7d3, type: 3}
      propertyPath: m_Layer
      value: 14
      objectReference: {fileID: 0}
    - target: {fileID: 100076, guid: c9bd078c5bc985b4f8031aeb86e5b7d3, type: 3}
      propertyPath: m_Layer
      value: 14
      objectReference: {fileID: 0}
    - target: {fileID: 100078, guid: c9bd078c5bc985b4f8031aeb86e5b7d3, type: 3}
      propertyPath: m_Layer
      value: 14
      objectReference: {fileID: 0}
    - target: {fileID: 100080, guid: c9bd078c5bc985b4f8031aeb86e5b7d3, type: 3}
      propertyPath: m_Layer
      value: 14
      objectReference: {fileID: 0}
    - target: {fileID: 100082, guid: c9bd078c5bc985b4f8031aeb86e5b7d3, type: 3}
      propertyPath: m_Layer
      value: 14
      objectReference: {fileID: 0}
    - target: {fileID: 100084, guid: c9bd078c5bc985b4f8031aeb86e5b7d3, type: 3}
      propertyPath: m_Layer
      value: 14
      objectReference: {fileID: 0}
    - target: {fileID: 100086, guid: c9bd078c5bc985b4f8031aeb86e5b7d3, type: 3}
      propertyPath: m_Layer
      value: 14
      objectReference: {fileID: 0}
    - target: {fileID: 100088, guid: c9bd078c5bc985b4f8031aeb86e5b7d3, type: 3}
      propertyPath: m_Layer
      value: 14
      objectReference: {fileID: 0}
    - target: {fileID: 100090, guid: c9bd078c5bc985b4f8031aeb86e5b7d3, type: 3}
      propertyPath: m_Layer
      value: 14
      objectReference: {fileID: 0}
    - target: {fileID: 100092, guid: c9bd078c5bc985b4f8031aeb86e5b7d3, type: 3}
      propertyPath: m_Layer
      value: 14
      objectReference: {fileID: 0}
    - target: {fileID: 100094, guid: c9bd078c5bc985b4f8031aeb86e5b7d3, type: 3}
      propertyPath: m_Layer
      value: 14
      objectReference: {fileID: 0}
    - target: {fileID: 100096, guid: c9bd078c5bc985b4f8031aeb86e5b7d3, type: 3}
      propertyPath: m_Layer
      value: 14
      objectReference: {fileID: 0}
    - target: {fileID: 100098, guid: c9bd078c5bc985b4f8031aeb86e5b7d3, type: 3}
      propertyPath: m_Layer
      value: 14
      objectReference: {fileID: 0}
    - target: {fileID: 100100, guid: c9bd078c5bc985b4f8031aeb86e5b7d3, type: 3}
      propertyPath: m_Layer
      value: 11
      objectReference: {fileID: 0}
    - target: {fileID: 100102, guid: c9bd078c5bc985b4f8031aeb86e5b7d3, type: 3}
      propertyPath: m_Layer
      value: 14
      objectReference: {fileID: 0}
    - target: {fileID: 100104, guid: c9bd078c5bc985b4f8031aeb86e5b7d3, type: 3}
      propertyPath: m_Layer
      value: 14
      objectReference: {fileID: 0}
    - target: {fileID: 100106, guid: c9bd078c5bc985b4f8031aeb86e5b7d3, type: 3}
      propertyPath: m_Layer
      value: 14
      objectReference: {fileID: 0}
    - target: {fileID: 100108, guid: c9bd078c5bc985b4f8031aeb86e5b7d3, type: 3}
      propertyPath: m_Layer
      value: 14
      objectReference: {fileID: 0}
    - target: {fileID: 100110, guid: c9bd078c5bc985b4f8031aeb86e5b7d3, type: 3}
      propertyPath: m_Layer
      value: 14
      objectReference: {fileID: 0}
    - target: {fileID: 100112, guid: c9bd078c5bc985b4f8031aeb86e5b7d3, type: 3}
      propertyPath: m_Layer
      value: 14
      objectReference: {fileID: 0}
    - target: {fileID: 100114, guid: c9bd078c5bc985b4f8031aeb86e5b7d3, type: 3}
      propertyPath: m_Layer
      value: 14
      objectReference: {fileID: 0}
    - target: {fileID: 100116, guid: c9bd078c5bc985b4f8031aeb86e5b7d3, type: 3}
      propertyPath: m_Layer
      value: 14
      objectReference: {fileID: 0}
    - target: {fileID: 100118, guid: c9bd078c5bc985b4f8031aeb86e5b7d3, type: 3}
      propertyPath: m_Layer
      value: 14
      objectReference: {fileID: 0}
    - target: {fileID: 100120, guid: c9bd078c5bc985b4f8031aeb86e5b7d3, type: 3}
      propertyPath: m_Layer
      value: 14
      objectReference: {fileID: 0}
    - target: {fileID: 100122, guid: c9bd078c5bc985b4f8031aeb86e5b7d3, type: 3}
      propertyPath: m_Layer
      value: 14
      objectReference: {fileID: 0}
    - target: {fileID: 100124, guid: c9bd078c5bc985b4f8031aeb86e5b7d3, type: 3}
      propertyPath: m_Layer
      value: 14
      objectReference: {fileID: 0}
    - target: {fileID: 100126, guid: c9bd078c5bc985b4f8031aeb86e5b7d3, type: 3}
      propertyPath: m_Layer
      value: 14
      objectReference: {fileID: 0}
    - target: {fileID: 100128, guid: c9bd078c5bc985b4f8031aeb86e5b7d3, type: 3}
      propertyPath: m_Layer
      value: 14
      objectReference: {fileID: 0}
    - target: {fileID: 100130, guid: c9bd078c5bc985b4f8031aeb86e5b7d3, type: 3}
      propertyPath: m_Layer
      value: 14
      objectReference: {fileID: 0}
    - target: {fileID: 100132, guid: c9bd078c5bc985b4f8031aeb86e5b7d3, type: 3}
      propertyPath: m_Layer
      value: 14
      objectReference: {fileID: 0}
    - target: {fileID: 100134, guid: c9bd078c5bc985b4f8031aeb86e5b7d3, type: 3}
      propertyPath: m_Layer
      value: 14
      objectReference: {fileID: 0}
    - target: {fileID: 400004, guid: c9bd078c5bc985b4f8031aeb86e5b7d3, type: 3}
      propertyPath: m_LocalPosition.x
      value: 0
      objectReference: {fileID: 0}
    - target: {fileID: 400004, guid: c9bd078c5bc985b4f8031aeb86e5b7d3, type: 3}
      propertyPath: m_LocalPosition.y
      value: 0
      objectReference: {fileID: 0}
    - target: {fileID: 400004, guid: c9bd078c5bc985b4f8031aeb86e5b7d3, type: 3}
      propertyPath: m_LocalPosition.z
      value: 0
      objectReference: {fileID: 0}
    - target: {fileID: 400004, guid: c9bd078c5bc985b4f8031aeb86e5b7d3, type: 3}
      propertyPath: m_LocalRotation.x
      value: 0
      objectReference: {fileID: 0}
    - target: {fileID: 400004, guid: c9bd078c5bc985b4f8031aeb86e5b7d3, type: 3}
      propertyPath: m_LocalRotation.y
      value: 0
      objectReference: {fileID: 0}
    - target: {fileID: 400004, guid: c9bd078c5bc985b4f8031aeb86e5b7d3, type: 3}
      propertyPath: m_LocalRotation.z
      value: 0
      objectReference: {fileID: 0}
    - target: {fileID: 400004, guid: c9bd078c5bc985b4f8031aeb86e5b7d3, type: 3}
      propertyPath: m_LocalRotation.w
      value: 1
      objectReference: {fileID: 0}
    - target: {fileID: 400004, guid: c9bd078c5bc985b4f8031aeb86e5b7d3, type: 3}
      propertyPath: m_RootOrder
      value: 2
      objectReference: {fileID: 0}
    - target: {fileID: 400004, guid: c9bd078c5bc985b4f8031aeb86e5b7d3, type: 3}
      propertyPath: m_LocalEulerAnglesHint.x
      value: 0
      objectReference: {fileID: 0}
    - target: {fileID: 400004, guid: c9bd078c5bc985b4f8031aeb86e5b7d3, type: 3}
      propertyPath: m_LocalEulerAnglesHint.y
      value: 0
      objectReference: {fileID: 0}
    - target: {fileID: 400004, guid: c9bd078c5bc985b4f8031aeb86e5b7d3, type: 3}
      propertyPath: m_LocalEulerAnglesHint.z
      value: 0
      objectReference: {fileID: 0}
    - target: {fileID: 400004, guid: c9bd078c5bc985b4f8031aeb86e5b7d3, type: 3}
      propertyPath: m_LocalScale.x
      value: 0.55
      objectReference: {fileID: 0}
    - target: {fileID: 400004, guid: c9bd078c5bc985b4f8031aeb86e5b7d3, type: 3}
      propertyPath: m_LocalScale.y
      value: 0.55
      objectReference: {fileID: 0}
    - target: {fileID: 400004, guid: c9bd078c5bc985b4f8031aeb86e5b7d3, type: 3}
      propertyPath: m_LocalScale.z
      value: 0.55
      objectReference: {fileID: 0}
    - target: {fileID: 400010, guid: c9bd078c5bc985b4f8031aeb86e5b7d3, type: 3}
      propertyPath: m_LocalEulerAnglesHint.y
      value: -90.00001
      objectReference: {fileID: 0}
    - target: {fileID: 400010, guid: c9bd078c5bc985b4f8031aeb86e5b7d3, type: 3}
      propertyPath: m_LocalEulerAnglesHint.z
      value: -90
      objectReference: {fileID: 0}
    - target: {fileID: 400012, guid: c9bd078c5bc985b4f8031aeb86e5b7d3, type: 3}
      propertyPath: m_LocalEulerAnglesHint.x
      value: 0.9694623
      objectReference: {fileID: 0}
    - target: {fileID: 400012, guid: c9bd078c5bc985b4f8031aeb86e5b7d3, type: 3}
      propertyPath: m_LocalEulerAnglesHint.y
      value: 0.55714864
      objectReference: {fileID: 0}
    - target: {fileID: 400012, guid: c9bd078c5bc985b4f8031aeb86e5b7d3, type: 3}
      propertyPath: m_LocalEulerAnglesHint.z
      value: 2.7759132
      objectReference: {fileID: 0}
    - target: {fileID: 400014, guid: c9bd078c5bc985b4f8031aeb86e5b7d3, type: 3}
      propertyPath: m_LocalEulerAnglesHint.x
      value: 0.88987535
      objectReference: {fileID: 0}
    - target: {fileID: 400014, guid: c9bd078c5bc985b4f8031aeb86e5b7d3, type: 3}
      propertyPath: m_LocalEulerAnglesHint.y
      value: -90.42253
      objectReference: {fileID: 0}
    - target: {fileID: 400014, guid: c9bd078c5bc985b4f8031aeb86e5b7d3, type: 3}
      propertyPath: m_LocalEulerAnglesHint.z
      value: 179.40372
      objectReference: {fileID: 0}
    - target: {fileID: 400016, guid: c9bd078c5bc985b4f8031aeb86e5b7d3, type: 3}
      propertyPath: m_LocalEulerAnglesHint.x
      value: 0.06811602
      objectReference: {fileID: 0}
    - target: {fileID: 400016, guid: c9bd078c5bc985b4f8031aeb86e5b7d3, type: 3}
      propertyPath: m_LocalEulerAnglesHint.y
      value: 0.17837563
      objectReference: {fileID: 0}
    - target: {fileID: 400016, guid: c9bd078c5bc985b4f8031aeb86e5b7d3, type: 3}
      propertyPath: m_LocalEulerAnglesHint.z
      value: -10.016325
      objectReference: {fileID: 0}
    - target: {fileID: 400018, guid: c9bd078c5bc985b4f8031aeb86e5b7d3, type: 3}
      propertyPath: m_LocalEulerAnglesHint.x
      value: 0.8908621
      objectReference: {fileID: 0}
    - target: {fileID: 400018, guid: c9bd078c5bc985b4f8031aeb86e5b7d3, type: 3}
      propertyPath: m_LocalEulerAnglesHint.y
      value: -90.651924
      objectReference: {fileID: 0}
    - target: {fileID: 400018, guid: c9bd078c5bc985b4f8031aeb86e5b7d3, type: 3}
      propertyPath: m_LocalEulerAnglesHint.z
      value: 169.38023
      objectReference: {fileID: 0}
    - target: {fileID: 400020, guid: c9bd078c5bc985b4f8031aeb86e5b7d3, type: 3}
      propertyPath: m_LocalEulerAnglesHint.x
      value: -8.14437
      objectReference: {fileID: 0}
    - target: {fileID: 400020, guid: c9bd078c5bc985b4f8031aeb86e5b7d3, type: 3}
      propertyPath: m_LocalEulerAnglesHint.y
      value: 151.6317
      objectReference: {fileID: 0}
    - target: {fileID: 400020, guid: c9bd078c5bc985b4f8031aeb86e5b7d3, type: 3}
      propertyPath: m_LocalEulerAnglesHint.z
      value: -75.06735
      objectReference: {fileID: 0}
    - target: {fileID: 400022, guid: c9bd078c5bc985b4f8031aeb86e5b7d3, type: 3}
      propertyPath: m_LocalEulerAnglesHint.x
      value: 25.344719
      objectReference: {fileID: 0}
    - target: {fileID: 400022, guid: c9bd078c5bc985b4f8031aeb86e5b7d3, type: 3}
      propertyPath: m_LocalEulerAnglesHint.y
      value: -61.59376
      objectReference: {fileID: 0}
    - target: {fileID: 400022, guid: c9bd078c5bc985b4f8031aeb86e5b7d3, type: 3}
      propertyPath: m_LocalEulerAnglesHint.z
      value: 69.68274
      objectReference: {fileID: 0}
    - target: {fileID: 400024, guid: c9bd078c5bc985b4f8031aeb86e5b7d3, type: 3}
      propertyPath: m_LocalEulerAnglesHint.x
      value: 23.353588
      objectReference: {fileID: 0}
    - target: {fileID: 400024, guid: c9bd078c5bc985b4f8031aeb86e5b7d3, type: 3}
      propertyPath: m_LocalEulerAnglesHint.y
      value: 84.57399
      objectReference: {fileID: 0}
    - target: {fileID: 400024, guid: c9bd078c5bc985b4f8031aeb86e5b7d3, type: 3}
      propertyPath: m_LocalEulerAnglesHint.z
      value: -52.420143
      objectReference: {fileID: 0}
    - target: {fileID: 400026, guid: c9bd078c5bc985b4f8031aeb86e5b7d3, type: 3}
      propertyPath: m_LocalEulerAnglesHint.y
      value: -90.000015
      objectReference: {fileID: 0}
    - target: {fileID: 400026, guid: c9bd078c5bc985b4f8031aeb86e5b7d3, type: 3}
      propertyPath: m_LocalEulerAnglesHint.z
      value: -89.85165
      objectReference: {fileID: 0}
    - target: {fileID: 400026, guid: c9bd078c5bc985b4f8031aeb86e5b7d3, type: 3}
      propertyPath: m_LocalEulerAnglesHint.x
      value: -0.0000040187742
      objectReference: {fileID: 0}
    - target: {fileID: 400028, guid: c9bd078c5bc985b4f8031aeb86e5b7d3, type: 3}
      propertyPath: m_LocalEulerAnglesHint.x
      value: -48.349575
      objectReference: {fileID: 0}
    - target: {fileID: 400028, guid: c9bd078c5bc985b4f8031aeb86e5b7d3, type: 3}
      propertyPath: m_LocalEulerAnglesHint.y
      value: 143.20705
      objectReference: {fileID: 0}
    - target: {fileID: 400028, guid: c9bd078c5bc985b4f8031aeb86e5b7d3, type: 3}
      propertyPath: m_LocalEulerAnglesHint.z
      value: -94.12032
      objectReference: {fileID: 0}
    - target: {fileID: 400030, guid: c9bd078c5bc985b4f8031aeb86e5b7d3, type: 3}
      propertyPath: m_LocalEulerAnglesHint.x
      value: -12.220584
      objectReference: {fileID: 0}
    - target: {fileID: 400030, guid: c9bd078c5bc985b4f8031aeb86e5b7d3, type: 3}
      propertyPath: m_LocalEulerAnglesHint.y
      value: -66.54373
      objectReference: {fileID: 0}
    - target: {fileID: 400030, guid: c9bd078c5bc985b4f8031aeb86e5b7d3, type: 3}
      propertyPath: m_LocalEulerAnglesHint.z
      value: -16.863724
      objectReference: {fileID: 0}
    - target: {fileID: 400032, guid: c9bd078c5bc985b4f8031aeb86e5b7d3, type: 3}
      propertyPath: m_LocalEulerAnglesHint.x
      value: -57.482162
      objectReference: {fileID: 0}
    - target: {fileID: 400032, guid: c9bd078c5bc985b4f8031aeb86e5b7d3, type: 3}
      propertyPath: m_LocalEulerAnglesHint.y
      value: 80.708015
      objectReference: {fileID: 0}
    - target: {fileID: 400032, guid: c9bd078c5bc985b4f8031aeb86e5b7d3, type: 3}
      propertyPath: m_LocalEulerAnglesHint.z
      value: 18.367144
      objectReference: {fileID: 0}
    - target: {fileID: 400034, guid: c9bd078c5bc985b4f8031aeb86e5b7d3, type: 3}
      propertyPath: m_LocalEulerAnglesHint.y
      value: -90.000015
      objectReference: {fileID: 0}
    - target: {fileID: 400034, guid: c9bd078c5bc985b4f8031aeb86e5b7d3, type: 3}
      propertyPath: m_LocalEulerAnglesHint.z
      value: -89.735466
      objectReference: {fileID: 0}
    - target: {fileID: 400034, guid: c9bd078c5bc985b4f8031aeb86e5b7d3, type: 3}
      propertyPath: m_LocalEulerAnglesHint.x
      value: 0
      objectReference: {fileID: 0}
    - target: {fileID: 400036, guid: c9bd078c5bc985b4f8031aeb86e5b7d3, type: 3}
      propertyPath: m_LocalEulerAnglesHint.x
      value: -45.360767
      objectReference: {fileID: 0}
    - target: {fileID: 400036, guid: c9bd078c5bc985b4f8031aeb86e5b7d3, type: 3}
      propertyPath: m_LocalEulerAnglesHint.y
      value: -138.20836
      objectReference: {fileID: 0}
    - target: {fileID: 400036, guid: c9bd078c5bc985b4f8031aeb86e5b7d3, type: 3}
      propertyPath: m_LocalEulerAnglesHint.z
      value: -95.4331
      objectReference: {fileID: 0}
    - target: {fileID: 400038, guid: c9bd078c5bc985b4f8031aeb86e5b7d3, type: 3}
      propertyPath: m_LocalEulerAnglesHint.x
      value: -23.925365
      objectReference: {fileID: 0}
    - target: {fileID: 400038, guid: c9bd078c5bc985b4f8031aeb86e5b7d3, type: 3}
      propertyPath: m_LocalEulerAnglesHint.y
      value: -80.98273
      objectReference: {fileID: 0}
    - target: {fileID: 400038, guid: c9bd078c5bc985b4f8031aeb86e5b7d3, type: 3}
      propertyPath: m_LocalEulerAnglesHint.z
      value: -17.495304
      objectReference: {fileID: 0}
    - target: {fileID: 400040, guid: c9bd078c5bc985b4f8031aeb86e5b7d3, type: 3}
      propertyPath: m_LocalEulerAnglesHint.x
      value: -0.26421174
      objectReference: {fileID: 0}
    - target: {fileID: 400040, guid: c9bd078c5bc985b4f8031aeb86e5b7d3, type: 3}
      propertyPath: m_LocalEulerAnglesHint.y
      value: 109.336876
      objectReference: {fileID: 0}
    - target: {fileID: 400040, guid: c9bd078c5bc985b4f8031aeb86e5b7d3, type: 3}
      propertyPath: m_LocalEulerAnglesHint.z
      value: 3.535231
      objectReference: {fileID: 0}
    - target: {fileID: 400042, guid: c9bd078c5bc985b4f8031aeb86e5b7d3, type: 3}
      propertyPath: m_LocalEulerAnglesHint.y
      value: -90
      objectReference: {fileID: 0}
    - target: {fileID: 400042, guid: c9bd078c5bc985b4f8031aeb86e5b7d3, type: 3}
      propertyPath: m_LocalEulerAnglesHint.z
      value: -90.3255
      objectReference: {fileID: 0}
    - target: {fileID: 400042, guid: c9bd078c5bc985b4f8031aeb86e5b7d3, type: 3}
      propertyPath: m_LocalEulerAnglesHint.x
      value: -0.0000020237626
      objectReference: {fileID: 0}
    - target: {fileID: 400044, guid: c9bd078c5bc985b4f8031aeb86e5b7d3, type: 3}
      propertyPath: m_LocalEulerAnglesHint.x
      value: 0.972116
      objectReference: {fileID: 0}
    - target: {fileID: 400044, guid: c9bd078c5bc985b4f8031aeb86e5b7d3, type: 3}
      propertyPath: m_LocalEulerAnglesHint.y
      value: 0.9225776
      objectReference: {fileID: 0}
    - target: {fileID: 400044, guid: c9bd078c5bc985b4f8031aeb86e5b7d3, type: 3}
      propertyPath: m_LocalEulerAnglesHint.z
      value: -0.7156813
      objectReference: {fileID: 0}
    - target: {fileID: 400046, guid: c9bd078c5bc985b4f8031aeb86e5b7d3, type: 3}
      propertyPath: m_LocalEulerAnglesHint.x
      value: -2.0546436
      objectReference: {fileID: 0}
    - target: {fileID: 400046, guid: c9bd078c5bc985b4f8031aeb86e5b7d3, type: 3}
      propertyPath: m_LocalEulerAnglesHint.y
      value: -91.21465
      objectReference: {fileID: 0}
    - target: {fileID: 400046, guid: c9bd078c5bc985b4f8031aeb86e5b7d3, type: 3}
      propertyPath: m_LocalEulerAnglesHint.z
      value: 160.37683
      objectReference: {fileID: 0}
    - target: {fileID: 400048, guid: c9bd078c5bc985b4f8031aeb86e5b7d3, type: 3}
      propertyPath: m_LocalEulerAnglesHint.x
      value: -2.0546436
      objectReference: {fileID: 0}
    - target: {fileID: 400048, guid: c9bd078c5bc985b4f8031aeb86e5b7d3, type: 3}
      propertyPath: m_LocalEulerAnglesHint.y
      value: -91.21465
      objectReference: {fileID: 0}
    - target: {fileID: 400048, guid: c9bd078c5bc985b4f8031aeb86e5b7d3, type: 3}
      propertyPath: m_LocalEulerAnglesHint.z
      value: 160.37683
      objectReference: {fileID: 0}
    - target: {fileID: 400050, guid: c9bd078c5bc985b4f8031aeb86e5b7d3, type: 3}
      propertyPath: m_LocalEulerAnglesHint.x
      value: 39.522213
      objectReference: {fileID: 0}
    - target: {fileID: 400050, guid: c9bd078c5bc985b4f8031aeb86e5b7d3, type: 3}
      propertyPath: m_LocalEulerAnglesHint.y
      value: -166.73761
      objectReference: {fileID: 0}
    - target: {fileID: 400050, guid: c9bd078c5bc985b4f8031aeb86e5b7d3, type: 3}
      propertyPath: m_LocalEulerAnglesHint.z
      value: -51.4231
      objectReference: {fileID: 0}
    - target: {fileID: 400052, guid: c9bd078c5bc985b4f8031aeb86e5b7d3, type: 3}
      propertyPath: m_LocalEulerAnglesHint.x
      value: 2.415303
      objectReference: {fileID: 0}
    - target: {fileID: 400052, guid: c9bd078c5bc985b4f8031aeb86e5b7d3, type: 3}
      propertyPath: m_LocalEulerAnglesHint.y
      value: 45.117508
      objectReference: {fileID: 0}
    - target: {fileID: 400052, guid: c9bd078c5bc985b4f8031aeb86e5b7d3, type: 3}
      propertyPath: m_LocalEulerAnglesHint.z
      value: 49.060165
      objectReference: {fileID: 0}
    - target: {fileID: 400054, guid: c9bd078c5bc985b4f8031aeb86e5b7d3, type: 3}
      propertyPath: m_LocalEulerAnglesHint.x
      value: -37.78671
      objectReference: {fileID: 0}
    - target: {fileID: 400054, guid: c9bd078c5bc985b4f8031aeb86e5b7d3, type: 3}
      propertyPath: m_LocalEulerAnglesHint.y
      value: -69.728096
      objectReference: {fileID: 0}
    - target: {fileID: 400054, guid: c9bd078c5bc985b4f8031aeb86e5b7d3, type: 3}
      propertyPath: m_LocalEulerAnglesHint.z
      value: -48.19057
      objectReference: {fileID: 0}
    - target: {fileID: 400056, guid: c9bd078c5bc985b4f8031aeb86e5b7d3, type: 3}
      propertyPath: m_LocalEulerAnglesHint.y
      value: -89.99982
      objectReference: {fileID: 0}
    - target: {fileID: 400056, guid: c9bd078c5bc985b4f8031aeb86e5b7d3, type: 3}
      propertyPath: m_LocalEulerAnglesHint.z
      value: -88.874054
      objectReference: {fileID: 0}
    - target: {fileID: 400056, guid: c9bd078c5bc985b4f8031aeb86e5b7d3, type: 3}
      propertyPath: m_LocalEulerAnglesHint.x
      value: 0.0000102390095
      objectReference: {fileID: 0}
    - target: {fileID: 400058, guid: c9bd078c5bc985b4f8031aeb86e5b7d3, type: 3}
      propertyPath: m_LocalEulerAnglesHint.x
      value: 45.77813
      objectReference: {fileID: 0}
    - target: {fileID: 400058, guid: c9bd078c5bc985b4f8031aeb86e5b7d3, type: 3}
      propertyPath: m_LocalEulerAnglesHint.y
      value: -145.23152
      objectReference: {fileID: 0}
    - target: {fileID: 400058, guid: c9bd078c5bc985b4f8031aeb86e5b7d3, type: 3}
      propertyPath: m_LocalEulerAnglesHint.z
      value: -95.72783
      objectReference: {fileID: 0}
    - target: {fileID: 400060, guid: c9bd078c5bc985b4f8031aeb86e5b7d3, type: 3}
      propertyPath: m_LocalEulerAnglesHint.x
      value: 12.205838
      objectReference: {fileID: 0}
    - target: {fileID: 400060, guid: c9bd078c5bc985b4f8031aeb86e5b7d3, type: 3}
      propertyPath: m_LocalEulerAnglesHint.y
      value: 66.49258
      objectReference: {fileID: 0}
    - target: {fileID: 400060, guid: c9bd078c5bc985b4f8031aeb86e5b7d3, type: 3}
      propertyPath: m_LocalEulerAnglesHint.z
      value: -16.857111
      objectReference: {fileID: 0}
    - target: {fileID: 400062, guid: c9bd078c5bc985b4f8031aeb86e5b7d3, type: 3}
      propertyPath: m_LocalEulerAnglesHint.x
      value: 57.23812
      objectReference: {fileID: 0}
    - target: {fileID: 400062, guid: c9bd078c5bc985b4f8031aeb86e5b7d3, type: 3}
      propertyPath: m_LocalEulerAnglesHint.y
      value: -79.20126
      objectReference: {fileID: 0}
    - target: {fileID: 400062, guid: c9bd078c5bc985b4f8031aeb86e5b7d3, type: 3}
      propertyPath: m_LocalEulerAnglesHint.z
      value: 18.931288
      objectReference: {fileID: 0}
    - target: {fileID: 400064, guid: c9bd078c5bc985b4f8031aeb86e5b7d3, type: 3}
      propertyPath: m_LocalEulerAnglesHint.x
      value: 0
      objectReference: {fileID: 0}
    - target: {fileID: 400064, guid: c9bd078c5bc985b4f8031aeb86e5b7d3, type: 3}
      propertyPath: m_LocalEulerAnglesHint.y
      value: -90.00001
      objectReference: {fileID: 0}
    - target: {fileID: 400064, guid: c9bd078c5bc985b4f8031aeb86e5b7d3, type: 3}
      propertyPath: m_LocalEulerAnglesHint.z
      value: -90
      objectReference: {fileID: 0}
    - target: {fileID: 400066, guid: c9bd078c5bc985b4f8031aeb86e5b7d3, type: 3}
      propertyPath: m_LocalEulerAnglesHint.x
      value: -2.3084283
      objectReference: {fileID: 0}
    - target: {fileID: 400066, guid: c9bd078c5bc985b4f8031aeb86e5b7d3, type: 3}
      propertyPath: m_LocalEulerAnglesHint.y
      value: 1.2870227
      objectReference: {fileID: 0}
    - target: {fileID: 400066, guid: c9bd078c5bc985b4f8031aeb86e5b7d3, type: 3}
      propertyPath: m_LocalEulerAnglesHint.z
      value: 23.337772
      objectReference: {fileID: 0}
    - target: {fileID: 400068, guid: c9bd078c5bc985b4f8031aeb86e5b7d3, type: 3}
      propertyPath: m_LocalEulerAnglesHint.x
      value: 2.7774825
      objectReference: {fileID: 0}
    - target: {fileID: 400068, guid: c9bd078c5bc985b4f8031aeb86e5b7d3, type: 3}
      propertyPath: m_LocalEulerAnglesHint.y
      value: -89.11895
      objectReference: {fileID: 0}
    - target: {fileID: 400068, guid: c9bd078c5bc985b4f8031aeb86e5b7d3, type: 3}
      propertyPath: m_LocalEulerAnglesHint.z
      value: 177.50552
      objectReference: {fileID: 0}
    - target: {fileID: 400070, guid: c9bd078c5bc985b4f8031aeb86e5b7d3, type: 3}
      propertyPath: m_LocalEulerAnglesHint.x
      value: 53.06226
      objectReference: {fileID: 0}
    - target: {fileID: 400070, guid: c9bd078c5bc985b4f8031aeb86e5b7d3, type: 3}
      propertyPath: m_LocalEulerAnglesHint.y
      value: 170.46675
      objectReference: {fileID: 0}
    - target: {fileID: 400070, guid: c9bd078c5bc985b4f8031aeb86e5b7d3, type: 3}
      propertyPath: m_LocalEulerAnglesHint.z
      value: -148.11209
      objectReference: {fileID: 0}
    - target: {fileID: 400072, guid: c9bd078c5bc985b4f8031aeb86e5b7d3, type: 3}
      propertyPath: m_LocalEulerAnglesHint.x
      value: 10.599776
      objectReference: {fileID: 0}
    - target: {fileID: 400072, guid: c9bd078c5bc985b4f8031aeb86e5b7d3, type: 3}
      propertyPath: m_LocalEulerAnglesHint.y
      value: 20.930239
      objectReference: {fileID: 0}
    - target: {fileID: 400072, guid: c9bd078c5bc985b4f8031aeb86e5b7d3, type: 3}
      propertyPath: m_LocalEulerAnglesHint.z
      value: -6.2436376
      objectReference: {fileID: 0}
    - target: {fileID: 400074, guid: c9bd078c5bc985b4f8031aeb86e5b7d3, type: 3}
      propertyPath: m_LocalEulerAnglesHint.x
      value: 19.239891
      objectReference: {fileID: 0}
    - target: {fileID: 400074, guid: c9bd078c5bc985b4f8031aeb86e5b7d3, type: 3}
      propertyPath: m_LocalEulerAnglesHint.y
      value: -39.29401
      objectReference: {fileID: 0}
    - target: {fileID: 400074, guid: c9bd078c5bc985b4f8031aeb86e5b7d3, type: 3}
      propertyPath: m_LocalEulerAnglesHint.z
      value: 76.04617
      objectReference: {fileID: 0}
    - target: {fileID: 400076, guid: c9bd078c5bc985b4f8031aeb86e5b7d3, type: 3}
      propertyPath: m_LocalEulerAnglesHint.y
      value: -89.999985
      objectReference: {fileID: 0}
    - target: {fileID: 400076, guid: c9bd078c5bc985b4f8031aeb86e5b7d3, type: 3}
      propertyPath: m_LocalEulerAnglesHint.z
      value: -109.50718
      objectReference: {fileID: 0}
    - target: {fileID: 400076, guid: c9bd078c5bc985b4f8031aeb86e5b7d3, type: 3}
      propertyPath: m_LocalEulerAnglesHint.x
      value: 0.000008537736
      objectReference: {fileID: 0}
    - target: {fileID: 400078, guid: c9bd078c5bc985b4f8031aeb86e5b7d3, type: 3}
      propertyPath: m_LocalEulerAnglesHint.x
      value: -2.2645957
      objectReference: {fileID: 0}
    - target: {fileID: 400078, guid: c9bd078c5bc985b4f8031aeb86e5b7d3, type: 3}
      propertyPath: m_LocalEulerAnglesHint.y
      value: -5.290627
      objectReference: {fileID: 0}
    - target: {fileID: 400078, guid: c9bd078c5bc985b4f8031aeb86e5b7d3, type: 3}
      propertyPath: m_LocalEulerAnglesHint.z
      value: -6.0228243
      objectReference: {fileID: 0}
    - target: {fileID: 400080, guid: c9bd078c5bc985b4f8031aeb86e5b7d3, type: 3}
      propertyPath: m_LocalEulerAnglesHint.x
      value: -0.08732222
      objectReference: {fileID: 0}
    - target: {fileID: 400080, guid: c9bd078c5bc985b4f8031aeb86e5b7d3, type: 3}
      propertyPath: m_LocalEulerAnglesHint.y
      value: -0.07851349
      objectReference: {fileID: 0}
    - target: {fileID: 400080, guid: c9bd078c5bc985b4f8031aeb86e5b7d3, type: 3}
      propertyPath: m_LocalEulerAnglesHint.z
      value: 163.26575
      objectReference: {fileID: 0}
    - target: {fileID: 400082, guid: c9bd078c5bc985b4f8031aeb86e5b7d3, type: 3}
      propertyPath: m_LocalEulerAnglesHint.x
      value: -2.2605484
      objectReference: {fileID: 0}
    - target: {fileID: 400082, guid: c9bd078c5bc985b4f8031aeb86e5b7d3, type: 3}
      propertyPath: m_LocalEulerAnglesHint.y
      value: -5.641459
      objectReference: {fileID: 0}
    - target: {fileID: 400082, guid: c9bd078c5bc985b4f8031aeb86e5b7d3, type: 3}
      propertyPath: m_LocalEulerAnglesHint.z
      value: 30.260586
      objectReference: {fileID: 0}
    - target: {fileID: 400084, guid: c9bd078c5bc985b4f8031aeb86e5b7d3, type: 3}
      propertyPath: m_LocalEulerAnglesHint.x
      value: 1.955924
      objectReference: {fileID: 0}
    - target: {fileID: 400084, guid: c9bd078c5bc985b4f8031aeb86e5b7d3, type: 3}
      propertyPath: m_LocalEulerAnglesHint.y
      value: -102.70988
      objectReference: {fileID: 0}
    - target: {fileID: 400084, guid: c9bd078c5bc985b4f8031aeb86e5b7d3, type: 3}
      propertyPath: m_LocalEulerAnglesHint.z
      value: 128.2871
      objectReference: {fileID: 0}
    - target: {fileID: 400086, guid: c9bd078c5bc985b4f8031aeb86e5b7d3, type: 3}
      propertyPath: m_LocalEulerAnglesHint.x
      value: -2.1218553
      objectReference: {fileID: 0}
    - target: {fileID: 400086, guid: c9bd078c5bc985b4f8031aeb86e5b7d3, type: 3}
      propertyPath: m_LocalEulerAnglesHint.y
      value: -5.8822036
      objectReference: {fileID: 0}
    - target: {fileID: 400086, guid: c9bd078c5bc985b4f8031aeb86e5b7d3, type: 3}
      propertyPath: m_LocalEulerAnglesHint.z
      value: 31.46939
      objectReference: {fileID: 0}
    - target: {fileID: 400088, guid: c9bd078c5bc985b4f8031aeb86e5b7d3, type: 3}
      propertyPath: m_LocalEulerAnglesHint.x
      value: 7.735976
      objectReference: {fileID: 0}
    - target: {fileID: 400088, guid: c9bd078c5bc985b4f8031aeb86e5b7d3, type: 3}
      propertyPath: m_LocalEulerAnglesHint.y
      value: -100.7808
      objectReference: {fileID: 0}
    - target: {fileID: 400088, guid: c9bd078c5bc985b4f8031aeb86e5b7d3, type: 3}
      propertyPath: m_LocalEulerAnglesHint.z
      value: 159.84947
      objectReference: {fileID: 0}
    - target: {fileID: 400090, guid: c9bd078c5bc985b4f8031aeb86e5b7d3, type: 3}
      propertyPath: m_LocalEulerAnglesHint.x
      value: -0.92460734
      objectReference: {fileID: 0}
    - target: {fileID: 400090, guid: c9bd078c5bc985b4f8031aeb86e5b7d3, type: 3}
      propertyPath: m_LocalEulerAnglesHint.y
      value: -1.4844925
      objectReference: {fileID: 0}
    - target: {fileID: 400090, guid: c9bd078c5bc985b4f8031aeb86e5b7d3, type: 3}
      propertyPath: m_LocalEulerAnglesHint.z
      value: 13.697111
      objectReference: {fileID: 0}
    - target: {fileID: 400092, guid: c9bd078c5bc985b4f8031aeb86e5b7d3, type: 3}
      propertyPath: m_LocalEulerAnglesHint.x
      value: 9.300794
      objectReference: {fileID: 0}
    - target: {fileID: 400092, guid: c9bd078c5bc985b4f8031aeb86e5b7d3, type: 3}
      propertyPath: m_LocalEulerAnglesHint.y
      value: -99.64613
      objectReference: {fileID: 0}
    - target: {fileID: 400092, guid: c9bd078c5bc985b4f8031aeb86e5b7d3, type: 3}
      propertyPath: m_LocalEulerAnglesHint.z
      value: 173.7642
      objectReference: {fileID: 0}
    - target: {fileID: 400094, guid: c9bd078c5bc985b4f8031aeb86e5b7d3, type: 3}
      propertyPath: m_LocalEulerAnglesHint.x
      value: 2.7870107
      objectReference: {fileID: 0}
    - target: {fileID: 400094, guid: c9bd078c5bc985b4f8031aeb86e5b7d3, type: 3}
      propertyPath: m_LocalEulerAnglesHint.y
      value: 2.3522358
      objectReference: {fileID: 0}
    - target: {fileID: 400094, guid: c9bd078c5bc985b4f8031aeb86e5b7d3, type: 3}
      propertyPath: m_LocalEulerAnglesHint.z
      value: -5.8006086
      objectReference: {fileID: 0}
    - target: {fileID: 400096, guid: c9bd078c5bc985b4f8031aeb86e5b7d3, type: 3}
      propertyPath: m_LocalEulerAnglesHint.x
      value: 6.281734
      objectReference: {fileID: 0}
    - target: {fileID: 400096, guid: c9bd078c5bc985b4f8031aeb86e5b7d3, type: 3}
      propertyPath: m_LocalEulerAnglesHint.y
      value: -101.629524
      objectReference: {fileID: 0}
    - target: {fileID: 400096, guid: c9bd078c5bc985b4f8031aeb86e5b7d3, type: 3}
      propertyPath: m_LocalEulerAnglesHint.z
      value: 167.63403
      objectReference: {fileID: 0}
    - target: {fileID: 400098, guid: c9bd078c5bc985b4f8031aeb86e5b7d3, type: 3}
      propertyPath: m_LocalEulerAnglesHint.x
      value: 4.1279454
      objectReference: {fileID: 0}
    - target: {fileID: 400098, guid: c9bd078c5bc985b4f8031aeb86e5b7d3, type: 3}
      propertyPath: m_LocalEulerAnglesHint.y
      value: 2.3391235
      objectReference: {fileID: 0}
    - target: {fileID: 400098, guid: c9bd078c5bc985b4f8031aeb86e5b7d3, type: 3}
      propertyPath: m_LocalEulerAnglesHint.z
      value: -7.056962
      objectReference: {fileID: 0}
    - target: {fileID: 400100, guid: c9bd078c5bc985b4f8031aeb86e5b7d3, type: 3}
      propertyPath: m_LocalEulerAnglesHint.x
      value: 1.7748547
      objectReference: {fileID: 0}
    - target: {fileID: 400100, guid: c9bd078c5bc985b4f8031aeb86e5b7d3, type: 3}
      propertyPath: m_LocalEulerAnglesHint.y
      value: -103.04817
      objectReference: {fileID: 0}
    - target: {fileID: 400100, guid: c9bd078c5bc985b4f8031aeb86e5b7d3, type: 3}
      propertyPath: m_LocalEulerAnglesHint.z
      value: 160.3386
      objectReference: {fileID: 0}
    - target: {fileID: 400102, guid: c9bd078c5bc985b4f8031aeb86e5b7d3, type: 3}
      propertyPath: m_LocalEulerAnglesHint.x
      value: -1.9984151
      objectReference: {fileID: 0}
    - target: {fileID: 400102, guid: c9bd078c5bc985b4f8031aeb86e5b7d3, type: 3}
      propertyPath: m_LocalEulerAnglesHint.y
      value: -91.17613
      objectReference: {fileID: 0}
    - target: {fileID: 400102, guid: c9bd078c5bc985b4f8031aeb86e5b7d3, type: 3}
      propertyPath: m_LocalEulerAnglesHint.z
      value: -36.34443
      objectReference: {fileID: 0}
    - target: {fileID: 400104, guid: c9bd078c5bc985b4f8031aeb86e5b7d3, type: 3}
      propertyPath: m_LocalEulerAnglesHint.x
      value: 0.13886335
      objectReference: {fileID: 0}
    - target: {fileID: 400104, guid: c9bd078c5bc985b4f8031aeb86e5b7d3, type: 3}
      propertyPath: m_LocalEulerAnglesHint.y
      value: 0.4269108
      objectReference: {fileID: 0}
    - target: {fileID: 400104, guid: c9bd078c5bc985b4f8031aeb86e5b7d3, type: 3}
      propertyPath: m_LocalEulerAnglesHint.z
      value: -7.9840813
      objectReference: {fileID: 0}
    - target: {fileID: 400106, guid: c9bd078c5bc985b4f8031aeb86e5b7d3, type: 3}
      propertyPath: m_LocalEulerAnglesHint.x
      value: -1.7785912
      objectReference: {fileID: 0}
    - target: {fileID: 400106, guid: c9bd078c5bc985b4f8031aeb86e5b7d3, type: 3}
      propertyPath: m_LocalEulerAnglesHint.y
      value: -90.949715
      objectReference: {fileID: 0}
    - target: {fileID: 400106, guid: c9bd078c5bc985b4f8031aeb86e5b7d3, type: 3}
      propertyPath: m_LocalEulerAnglesHint.z
      value: -44.327087
      objectReference: {fileID: 0}
    - target: {fileID: 400108, guid: c9bd078c5bc985b4f8031aeb86e5b7d3, type: 3}
      propertyPath: m_LocalEulerAnglesHint.x
      value: 0.22633936
      objectReference: {fileID: 0}
    - target: {fileID: 400108, guid: c9bd078c5bc985b4f8031aeb86e5b7d3, type: 3}
      propertyPath: m_LocalEulerAnglesHint.y
      value: 0.7297717
      objectReference: {fileID: 0}
    - target: {fileID: 400108, guid: c9bd078c5bc985b4f8031aeb86e5b7d3, type: 3}
      propertyPath: m_LocalEulerAnglesHint.z
      value: -18.953178
      objectReference: {fileID: 0}
    - target: {fileID: 400110, guid: c9bd078c5bc985b4f8031aeb86e5b7d3, type: 3}
      propertyPath: m_LocalEulerAnglesHint.x
      value: -1.30028
      objectReference: {fileID: 0}
    - target: {fileID: 400110, guid: c9bd078c5bc985b4f8031aeb86e5b7d3, type: 3}
      propertyPath: m_LocalEulerAnglesHint.y
      value: -90.547905
      objectReference: {fileID: 0}
    - target: {fileID: 400110, guid: c9bd078c5bc985b4f8031aeb86e5b7d3, type: 3}
      propertyPath: m_LocalEulerAnglesHint.z
      value: -63.317905
      objectReference: {fileID: 0}
    - target: {fileID: 400112, guid: c9bd078c5bc985b4f8031aeb86e5b7d3, type: 3}
      propertyPath: m_LocalEulerAnglesHint.x
      value: 0.023061752
      objectReference: {fileID: 0}
    - target: {fileID: 400112, guid: c9bd078c5bc985b4f8031aeb86e5b7d3, type: 3}
      propertyPath: m_LocalEulerAnglesHint.y
      value: 1.091509
      objectReference: {fileID: 0}
    - target: {fileID: 400112, guid: c9bd078c5bc985b4f8031aeb86e5b7d3, type: 3}
      propertyPath: m_LocalEulerAnglesHint.z
      value: -16.382633
      objectReference: {fileID: 0}
    - target: {fileID: 400114, guid: c9bd078c5bc985b4f8031aeb86e5b7d3, type: 3}
      propertyPath: m_LocalEulerAnglesHint.x
      value: -0.38149083
      objectReference: {fileID: 0}
    - target: {fileID: 400114, guid: c9bd078c5bc985b4f8031aeb86e5b7d3, type: 3}
      propertyPath: m_LocalEulerAnglesHint.y
      value: -89.976234
      objectReference: {fileID: 0}
    - target: {fileID: 400114, guid: c9bd078c5bc985b4f8031aeb86e5b7d3, type: 3}
      propertyPath: m_LocalEulerAnglesHint.z
      value: -79.711685
      objectReference: {fileID: 0}
    - target: {fileID: 400116, guid: c9bd078c5bc985b4f8031aeb86e5b7d3, type: 3}
      propertyPath: m_LocalEulerAnglesHint.x
      value: 0.8337021
      objectReference: {fileID: 0}
    - target: {fileID: 400116, guid: c9bd078c5bc985b4f8031aeb86e5b7d3, type: 3}
      propertyPath: m_LocalEulerAnglesHint.y
      value: 1.5897713
      objectReference: {fileID: 0}
    - target: {fileID: 400116, guid: c9bd078c5bc985b4f8031aeb86e5b7d3, type: 3}
      propertyPath: m_LocalEulerAnglesHint.z
      value: -34.61973
      objectReference: {fileID: 0}
    - target: {fileID: 400118, guid: c9bd078c5bc985b4f8031aeb86e5b7d3, type: 3}
      propertyPath: m_LocalEulerAnglesHint.x
      value: 1.511782
      objectReference: {fileID: 0}
    - target: {fileID: 400118, guid: c9bd078c5bc985b4f8031aeb86e5b7d3, type: 3}
      propertyPath: m_LocalEulerAnglesHint.y
      value: -90.21154
      objectReference: {fileID: 0}
    - target: {fileID: 400118, guid: c9bd078c5bc985b4f8031aeb86e5b7d3, type: 3}
      propertyPath: m_LocalEulerAnglesHint.z
      value: -114.31471
      objectReference: {fileID: 0}
    - target: {fileID: 400120, guid: c9bd078c5bc985b4f8031aeb86e5b7d3, type: 3}
      propertyPath: m_LocalEulerAnglesHint.x
      value: 0.40793753
      objectReference: {fileID: 0}
    - target: {fileID: 400120, guid: c9bd078c5bc985b4f8031aeb86e5b7d3, type: 3}
      propertyPath: m_LocalEulerAnglesHint.y
      value: 2.4155068
      objectReference: {fileID: 0}
    - target: {fileID: 400120, guid: c9bd078c5bc985b4f8031aeb86e5b7d3, type: 3}
      propertyPath: m_LocalEulerAnglesHint.z
      value: -31.422182
      objectReference: {fileID: 0}
    - target: {fileID: 400122, guid: c9bd078c5bc985b4f8031aeb86e5b7d3, type: 3}
      propertyPath: m_LocalEulerAnglesHint.x
      value: 3.6546025
      objectReference: {fileID: 0}
    - target: {fileID: 400122, guid: c9bd078c5bc985b4f8031aeb86e5b7d3, type: 3}
      propertyPath: m_LocalEulerAnglesHint.y
      value: -91.56194
      objectReference: {fileID: 0}
    - target: {fileID: 400122, guid: c9bd078c5bc985b4f8031aeb86e5b7d3, type: 3}
      propertyPath: m_LocalEulerAnglesHint.z
      value: -145.75813
      objectReference: {fileID: 0}
    - target: {fileID: 400124, guid: c9bd078c5bc985b4f8031aeb86e5b7d3, type: 3}
      propertyPath: m_LocalEulerAnglesHint.x
      value: 1.1610553
      objectReference: {fileID: 0}
    - target: {fileID: 400124, guid: c9bd078c5bc985b4f8031aeb86e5b7d3, type: 3}
      propertyPath: m_LocalEulerAnglesHint.y
      value: 3.6257813
      objectReference: {fileID: 0}
    - target: {fileID: 400124, guid: c9bd078c5bc985b4f8031aeb86e5b7d3, type: 3}
      propertyPath: m_LocalEulerAnglesHint.z
      value: -38.076546
      objectReference: {fileID: 0}
    - target: {fileID: 400126, guid: c9bd078c5bc985b4f8031aeb86e5b7d3, type: 3}
      propertyPath: m_LocalEulerAnglesHint.x
      value: 4.7463613
      objectReference: {fileID: 0}
    - target: {fileID: 400126, guid: c9bd078c5bc985b4f8031aeb86e5b7d3, type: 3}
      propertyPath: m_LocalEulerAnglesHint.y
      value: -95.25312
      objectReference: {fileID: 0}
    - target: {fileID: 400126, guid: c9bd078c5bc985b4f8031aeb86e5b7d3, type: 3}
      propertyPath: m_LocalEulerAnglesHint.z
      value: 175.88849
      objectReference: {fileID: 0}
    - target: {fileID: 400128, guid: c9bd078c5bc985b4f8031aeb86e5b7d3, type: 3}
      propertyPath: m_LocalEulerAnglesHint.x
      value: 5.0267043
      objectReference: {fileID: 0}
    - target: {fileID: 400128, guid: c9bd078c5bc985b4f8031aeb86e5b7d3, type: 3}
      propertyPath: m_LocalEulerAnglesHint.y
      value: 5.2309976
      objectReference: {fileID: 0}
    - target: {fileID: 400128, guid: c9bd078c5bc985b4f8031aeb86e5b7d3, type: 3}
      propertyPath: m_LocalEulerAnglesHint.z
      value: -57.290024
      objectReference: {fileID: 0}
    - target: {fileID: 400130, guid: c9bd078c5bc985b4f8031aeb86e5b7d3, type: 3}
      propertyPath: m_LocalEulerAnglesHint.x
      value: -0.8948995
      objectReference: {fileID: 0}
    - target: {fileID: 400130, guid: c9bd078c5bc985b4f8031aeb86e5b7d3, type: 3}
      propertyPath: m_LocalEulerAnglesHint.y
      value: -99.97774
      objectReference: {fileID: 0}
    - target: {fileID: 400130, guid: c9bd078c5bc985b4f8031aeb86e5b7d3, type: 3}
      propertyPath: m_LocalEulerAnglesHint.z
      value: 118.17742
      objectReference: {fileID: 0}
    - target: {fileID: 400132, guid: c9bd078c5bc985b4f8031aeb86e5b7d3, type: 3}
      propertyPath: m_LocalEulerAnglesHint.x
      value: 0.5801163
      objectReference: {fileID: 0}
    - target: {fileID: 400132, guid: c9bd078c5bc985b4f8031aeb86e5b7d3, type: 3}
      propertyPath: m_LocalEulerAnglesHint.y
      value: 3.309365
      objectReference: {fileID: 0}
    - target: {fileID: 400132, guid: c9bd078c5bc985b4f8031aeb86e5b7d3, type: 3}
      propertyPath: m_LocalEulerAnglesHint.z
      value: -20.069727
      objectReference: {fileID: 0}
    - target: {fileID: 400134, guid: c9bd078c5bc985b4f8031aeb86e5b7d3, type: 3}
      propertyPath: m_LocalEulerAnglesHint.x
      value: -4.158514
      objectReference: {fileID: 0}
    - target: {fileID: 400134, guid: c9bd078c5bc985b4f8031aeb86e5b7d3, type: 3}
      propertyPath: m_LocalEulerAnglesHint.y
      value: -100.99941
      objectReference: {fileID: 0}
    - target: {fileID: 400134, guid: c9bd078c5bc985b4f8031aeb86e5b7d3, type: 3}
      propertyPath: m_LocalEulerAnglesHint.z
      value: 98.157684
      objectReference: {fileID: 0}
    - target: {fileID: 9500000, guid: c9bd078c5bc985b4f8031aeb86e5b7d3, type: 3}
      propertyPath: m_Controller
      value: 
      objectReference: {fileID: 9100000, guid: 8432558f0a30898409f2ff23d6b09c08, type: 2}
    - target: {fileID: 13700000, guid: c9bd078c5bc985b4f8031aeb86e5b7d3, type: 3}
      propertyPath: m_Materials.Array.data[0]
      value: 
      objectReference: {fileID: 2100000, guid: d9b80259239e3ba43bc3f2600418f29c, type: 2}
    m_RemovedComponents: []
  m_SourcePrefab: {fileID: 100100000, guid: c9bd078c5bc985b4f8031aeb86e5b7d3, type: 3}
--- !u!4 &6383614711671728924 stripped
Transform:
  m_CorrespondingSourceObject: {fileID: 400004, guid: c9bd078c5bc985b4f8031aeb86e5b7d3,
    type: 3}
  m_PrefabInstance: {fileID: 6383614711671337368}
  m_PrefabAsset: {fileID: 0}
--- !u!95 &6383614711680746744 stripped
Animator:
  m_CorrespondingSourceObject: {fileID: 9500000, guid: c9bd078c5bc985b4f8031aeb86e5b7d3,
    type: 3}
  m_PrefabInstance: {fileID: 6383614711671337368}
  m_PrefabAsset: {fileID: 0}
--- !u!1 &6383614711671371420 stripped
GameObject:
  m_CorrespondingSourceObject: {fileID: 100100, guid: c9bd078c5bc985b4f8031aeb86e5b7d3,
    type: 3}
  m_PrefabInstance: {fileID: 6383614711671337368}
  m_PrefabAsset: {fileID: 0}
--- !u!1001 &7523118830057350334
PrefabInstance:
  m_ObjectHideFlags: 0
  serializedVersion: 2
  m_Modification:
    m_TransformParent: {fileID: 2869952636615049432}
    m_Modifications:
    - target: {fileID: 1075700203125732483, guid: 25b4d61151208c1458c9fd6eccfe2726,
        type: 3}
      propertyPath: damageText
      value: 
      objectReference: {fileID: 4617287057948205355}
    - target: {fileID: 2237608192215519650, guid: 25b4d61151208c1458c9fd6eccfe2726,
        type: 3}
      propertyPath: m_Name
      value: Canvas
      objectReference: {fileID: 0}
    - target: {fileID: 2588313851353880288, guid: 25b4d61151208c1458c9fd6eccfe2726,
        type: 3}
      propertyPath: m_LocalPosition.x
      value: 0
      objectReference: {fileID: 0}
    - target: {fileID: 2588313851353880288, guid: 25b4d61151208c1458c9fd6eccfe2726,
        type: 3}
      propertyPath: m_LocalPosition.y
      value: 0
      objectReference: {fileID: 0}
    - target: {fileID: 2588313851353880288, guid: 25b4d61151208c1458c9fd6eccfe2726,
        type: 3}
      propertyPath: m_LocalPosition.z
      value: 0
      objectReference: {fileID: 0}
    - target: {fileID: 2588313851353880288, guid: 25b4d61151208c1458c9fd6eccfe2726,
        type: 3}
      propertyPath: m_LocalRotation.x
      value: 0
      objectReference: {fileID: 0}
    - target: {fileID: 2588313851353880288, guid: 25b4d61151208c1458c9fd6eccfe2726,
        type: 3}
      propertyPath: m_LocalRotation.y
      value: 0
      objectReference: {fileID: 0}
    - target: {fileID: 2588313851353880288, guid: 25b4d61151208c1458c9fd6eccfe2726,
        type: 3}
      propertyPath: m_LocalRotation.z
      value: 0
      objectReference: {fileID: 0}
    - target: {fileID: 2588313851353880288, guid: 25b4d61151208c1458c9fd6eccfe2726,
        type: 3}
      propertyPath: m_LocalRotation.w
      value: 1
      objectReference: {fileID: 0}
    - target: {fileID: 2588313851353880288, guid: 25b4d61151208c1458c9fd6eccfe2726,
        type: 3}
      propertyPath: m_RootOrder
      value: 3
      objectReference: {fileID: 0}
    - target: {fileID: 2588313851353880288, guid: 25b4d61151208c1458c9fd6eccfe2726,
        type: 3}
      propertyPath: m_LocalEulerAnglesHint.x
      value: 0
      objectReference: {fileID: 0}
    - target: {fileID: 2588313851353880288, guid: 25b4d61151208c1458c9fd6eccfe2726,
        type: 3}
      propertyPath: m_LocalEulerAnglesHint.y
      value: 0
      objectReference: {fileID: 0}
    - target: {fileID: 2588313851353880288, guid: 25b4d61151208c1458c9fd6eccfe2726,
        type: 3}
      propertyPath: m_LocalEulerAnglesHint.z
      value: 0
      objectReference: {fileID: 0}
    - target: {fileID: 2588313851353880288, guid: 25b4d61151208c1458c9fd6eccfe2726,
        type: 3}
      propertyPath: m_AnchoredPosition.x
      value: -0.04168701
      objectReference: {fileID: 0}
    - target: {fileID: 2588313851353880288, guid: 25b4d61151208c1458c9fd6eccfe2726,
        type: 3}
      propertyPath: m_AnchoredPosition.y
      value: 2.8249512
      objectReference: {fileID: 0}
    - target: {fileID: 2588313851353880288, guid: 25b4d61151208c1458c9fd6eccfe2726,
        type: 3}
      propertyPath: m_SizeDelta.x
      value: 223.174
      objectReference: {fileID: 0}
    - target: {fileID: 2588313851353880288, guid: 25b4d61151208c1458c9fd6eccfe2726,
        type: 3}
      propertyPath: m_SizeDelta.y
      value: 237.843
      objectReference: {fileID: 0}
    - target: {fileID: 2588313851353880288, guid: 25b4d61151208c1458c9fd6eccfe2726,
        type: 3}
      propertyPath: m_AnchorMin.x
      value: 0
      objectReference: {fileID: 0}
    - target: {fileID: 2588313851353880288, guid: 25b4d61151208c1458c9fd6eccfe2726,
        type: 3}
      propertyPath: m_AnchorMin.y
      value: 0
      objectReference: {fileID: 0}
    - target: {fileID: 2588313851353880288, guid: 25b4d61151208c1458c9fd6eccfe2726,
        type: 3}
      propertyPath: m_AnchorMax.x
      value: 0
      objectReference: {fileID: 0}
    - target: {fileID: 2588313851353880288, guid: 25b4d61151208c1458c9fd6eccfe2726,
        type: 3}
      propertyPath: m_AnchorMax.y
      value: 0
      objectReference: {fileID: 0}
    - target: {fileID: 2588313851353880288, guid: 25b4d61151208c1458c9fd6eccfe2726,
        type: 3}
      propertyPath: m_Pivot.x
      value: 0.5
      objectReference: {fileID: 0}
    - target: {fileID: 2588313851353880288, guid: 25b4d61151208c1458c9fd6eccfe2726,
        type: 3}
      propertyPath: m_Pivot.y
      value: 0.5
      objectReference: {fileID: 0}
    m_RemovedComponents: []
  m_SourcePrefab: {fileID: 100100000, guid: 25b4d61151208c1458c9fd6eccfe2726, type: 3}
--- !u!224 &5443995483648635486 stripped
RectTransform:
  m_CorrespondingSourceObject: {fileID: 2588313851353880288, guid: 25b4d61151208c1458c9fd6eccfe2726,
    type: 3}
  m_PrefabInstance: {fileID: 7523118830057350334}
  m_PrefabAsset: {fileID: 0}
--- !u!114 &7388959025393635389 stripped
MonoBehaviour:
  m_CorrespondingSourceObject: {fileID: 1075700203125732483, guid: 25b4d61151208c1458c9fd6eccfe2726,
    type: 3}
  m_PrefabInstance: {fileID: 7523118830057350334}
  m_PrefabAsset: {fileID: 0}
  m_GameObject: {fileID: 0}
  m_Enabled: 1
  m_EditorHideFlags: 0
  m_Script: {fileID: 11500000, guid: 02ff40c15eb431947a3329564f4e6802, type: 3}
  m_Name: 
  m_EditorClassIdentifier: 
--- !u!114 &4617287057948205355 stripped
MonoBehaviour:
  m_CorrespondingSourceObject: {fileID: 2915124917502215573, guid: 25b4d61151208c1458c9fd6eccfe2726,
    type: 3}
  m_PrefabInstance: {fileID: 7523118830057350334}
  m_PrefabAsset: {fileID: 0}
  m_GameObject: {fileID: 0}
  m_Enabled: 1
  m_EditorHideFlags: 0
  m_Script: {fileID: 11500000, guid: 5f7201a12d95ffc409449d95f23cf332, type: 3}
  m_Name: 
  m_EditorClassIdentifier: 
