%YAML 1.1
%TAG !u! tag:unity3d.com,2011:
--- !u!1 &1114795028246865164
GameObject:
  m_ObjectHideFlags: 0
  m_CorrespondingSourceObject: {fileID: 0}
  m_PrefabInstance: {fileID: 0}
  m_PrefabAsset: {fileID: 0}
  serializedVersion: 6
  m_Component:
  - component: {fileID: 4274406575624474657}
  m_Layer: 9
  m_Name: ShotPoint
  m_TagString: Untagged
  m_Icon: {fileID: 0}
  m_NavMeshLayer: 0
  m_StaticEditorFlags: 0
  m_IsActive: 1
--- !u!4 &4274406575624474657
Transform:
  m_ObjectHideFlags: 0
  m_CorrespondingSourceObject: {fileID: 0}
  m_PrefabInstance: {fileID: 0}
  m_PrefabAsset: {fileID: 0}
  m_GameObject: {fileID: 1114795028246865164}
  m_LocalRotation: {x: -0, y: -0, z: -0, w: 1}
  m_LocalPosition: {x: 0, y: 1.97, z: 0.629}
  m_LocalScale: {x: 1, y: 1, z: 1}
  m_Children: []
  m_Father: {fileID: 5584066692918821516}
  m_RootOrder: 1
  m_LocalEulerAnglesHint: {x: 0, y: 0, z: 0}
--- !u!1 &1681563144641531595
GameObject:
  m_ObjectHideFlags: 0
  m_CorrespondingSourceObject: {fileID: 0}
  m_PrefabInstance: {fileID: 0}
  m_PrefabAsset: {fileID: 0}
  serializedVersion: 6
  m_Component:
  - component: {fileID: 1998043363825000494}
  - component: {fileID: 1681563144641531594}
  m_Layer: 9
  m_Name: Size
  m_TagString: Untagged
  m_Icon: {fileID: 0}
  m_NavMeshLayer: 0
  m_StaticEditorFlags: 0
  m_IsActive: 0
--- !u!4 &1998043363825000494
Transform:
  m_ObjectHideFlags: 0
  m_CorrespondingSourceObject: {fileID: 0}
  m_PrefabInstance: {fileID: 0}
  m_PrefabAsset: {fileID: 0}
  m_GameObject: {fileID: 1681563144641531595}
  m_LocalRotation: {x: 0, y: 0, z: 0, w: 1}
  m_LocalPosition: {x: 0, y: 1.5, z: 0}
  m_LocalScale: {x: 0.7, y: 0.7, z: 0.7}
  m_Children:
  - {fileID: 5584066693027974878}
  - {fileID: 8842420615180496119}
  - {fileID: 1368214285026232124}
  m_Father: {fileID: 5584066692918821516}
  m_RootOrder: 0
  m_LocalEulerAnglesHint: {x: 0, y: 0, z: 0}
--- !u!135 &1681563144641531594
SphereCollider:
  m_ObjectHideFlags: 0
  m_CorrespondingSourceObject: {fileID: 0}
  m_PrefabInstance: {fileID: 0}
  m_PrefabAsset: {fileID: 0}
  m_GameObject: {fileID: 1681563144641531595}
  m_Material: {fileID: 0}
  m_IsTrigger: 0
  m_Enabled: 1
  serializedVersion: 2
  m_Radius: 0.5
  m_Center: {x: 0, y: 0, z: 0}
--- !u!1 &3049655713370969143
GameObject:
  m_ObjectHideFlags: 0
  m_CorrespondingSourceObject: {fileID: 0}
  m_PrefabInstance: {fileID: 0}
  m_PrefabAsset: {fileID: 0}
  serializedVersion: 6
  m_Component:
  - component: {fileID: 7456701124938437869}
  - component: {fileID: 5383799233599454125}
  m_Layer: 0
  m_Name: VFX
  m_TagString: Untagged
  m_Icon: {fileID: 0}
  m_NavMeshLayer: 0
  m_StaticEditorFlags: 0
  m_IsActive: 1
--- !u!4 &7456701124938437869
Transform:
  m_ObjectHideFlags: 0
  m_CorrespondingSourceObject: {fileID: 0}
  m_PrefabInstance: {fileID: 0}
  m_PrefabAsset: {fileID: 0}
  m_GameObject: {fileID: 3049655713370969143}
  m_LocalRotation: {x: -0, y: -0, z: -0, w: 1}
  m_LocalPosition: {x: 0, y: 0, z: 0}
  m_LocalScale: {x: 1, y: 1, z: 1}
  m_Children:
  - {fileID: 7869691302197819937}
  - {fileID: 8967558379124145769}
  m_Father: {fileID: 5584066692918821516}
  m_RootOrder: 3
  m_LocalEulerAnglesHint: {x: 0, y: 0, z: 0}
--- !u!114 &5383799233599454125
MonoBehaviour:
  m_ObjectHideFlags: 0
  m_CorrespondingSourceObject: {fileID: 0}
  m_PrefabInstance: {fileID: 0}
  m_PrefabAsset: {fileID: 0}
  m_GameObject: {fileID: 3049655713370969143}
  m_Enabled: 1
  m_EditorHideFlags: 0
  m_Script: {fileID: 11500000, guid: 541ae3d978867e44ea1168afd9f347ea, type: 3}
  m_Name: 
  m_EditorClassIdentifier: 
  Heal: {fileID: 0}
  DamageTaken: {fileID: 8967558379143484609}
  DamageTakenFromThorn: {fileID: 0}
  Death: {fileID: 7869691302178429319}
  Shot: {fileID: 0}
--- !u!1 &3115508784200665148
GameObject:
  m_ObjectHideFlags: 0
  m_CorrespondingSourceObject: {fileID: 0}
  m_PrefabInstance: {fileID: 0}
  m_PrefabAsset: {fileID: 0}
  serializedVersion: 6
  m_Component:
  - component: {fileID: 8842420615180496119}
  - component: {fileID: 674804198400687408}
  - component: {fileID: 1731598126954272617}
  m_Layer: 9
  m_Name: Bow
  m_TagString: Untagged
  m_Icon: {fileID: 0}
  m_NavMeshLayer: 0
  m_StaticEditorFlags: 0
  m_IsActive: 1
--- !u!4 &8842420615180496119
Transform:
  m_ObjectHideFlags: 0
  m_CorrespondingSourceObject: {fileID: 0}
  m_PrefabInstance: {fileID: 0}
  m_PrefabAsset: {fileID: 0}
  m_GameObject: {fileID: 3115508784200665148}
  m_LocalRotation: {x: -0, y: -0, z: 0.83261275, w: 0.5538557}
  m_LocalPosition: {x: 0, y: -0.18, z: 0.8}
  m_LocalScale: {x: 0.2000005, y: 0.50000125, z: 0.2}
  m_Children: []
  m_Father: {fileID: 1998043363825000494}
  m_RootOrder: 1
  m_LocalEulerAnglesHint: {x: 0, y: 0, z: 112.73601}
--- !u!33 &674804198400687408
MeshFilter:
  m_ObjectHideFlags: 0
  m_CorrespondingSourceObject: {fileID: 0}
  m_PrefabInstance: {fileID: 0}
  m_PrefabAsset: {fileID: 0}
  m_GameObject: {fileID: 3115508784200665148}
  m_Mesh: {fileID: 10206, guid: 0000000000000000e000000000000000, type: 0}
--- !u!23 &1731598126954272617
MeshRenderer:
  m_ObjectHideFlags: 0
  m_CorrespondingSourceObject: {fileID: 0}
  m_PrefabInstance: {fileID: 0}
  m_PrefabAsset: {fileID: 0}
  m_GameObject: {fileID: 3115508784200665148}
  m_Enabled: 1
  m_CastShadows: 0
  m_ReceiveShadows: 0
  m_DynamicOccludee: 0
  m_MotionVectors: 1
  m_LightProbeUsage: 1
  m_ReflectionProbeUsage: 1
  m_RayTracingMode: 2
  m_RenderingLayerMask: 1
  m_RendererPriority: 0
  m_Materials:
  - {fileID: 2100000, guid: 56c45adc4ef684eab8fe17812cc38652, type: 2}
  m_StaticBatchInfo:
    firstSubMesh: 0
    subMeshCount: 0
  m_StaticBatchRoot: {fileID: 0}
  m_ProbeAnchor: {fileID: 0}
  m_LightProbeVolumeOverride: {fileID: 0}
  m_ScaleInLightmap: 1
  m_ReceiveGI: 1
  m_PreserveUVs: 0
  m_IgnoreNormalsForChartDetection: 0
  m_ImportantGI: 0
  m_StitchLightmapSeams: 1
  m_SelectedEditorRenderState: 3
  m_MinimumChartSize: 4
  m_AutoUVMaxDistance: 0.5
  m_AutoUVMaxAngle: 89
  m_LightmapParameters: {fileID: 0}
  m_SortingLayerID: 0
  m_SortingLayer: 0
  m_SortingOrder: 0
--- !u!1 &3764844536295604645
GameObject:
  m_ObjectHideFlags: 0
  m_CorrespondingSourceObject: {fileID: 0}
  m_PrefabInstance: {fileID: 0}
  m_PrefabAsset: {fileID: 0}
  serializedVersion: 6
  m_Component:
  - component: {fileID: 1368214285026232124}
  - component: {fileID: 6948038006838912984}
  - component: {fileID: 4299149280046346888}
  m_Layer: 9
  m_Name: Glasses
  m_TagString: Untagged
  m_Icon: {fileID: 0}
  m_NavMeshLayer: 0
  m_StaticEditorFlags: 0
  m_IsActive: 1
--- !u!4 &1368214285026232124
Transform:
  m_ObjectHideFlags: 0
  m_CorrespondingSourceObject: {fileID: 0}
  m_PrefabInstance: {fileID: 0}
  m_PrefabAsset: {fileID: 0}
  m_GameObject: {fileID: 3764844536295604645}
  m_LocalRotation: {x: -0, y: -0, z: 0.7071068, w: 0.7071068}
  m_LocalPosition: {x: 0, y: 0.06, z: 0.29}
  m_LocalScale: {x: 0.43140978, y: 0.43140978, z: 0.43140906}
  m_Children: []
  m_Father: {fileID: 1998043363825000494}
  m_RootOrder: 2
  m_LocalEulerAnglesHint: {x: 0, y: 0, z: 90}
--- !u!33 &6948038006838912984
MeshFilter:
  m_ObjectHideFlags: 0
  m_CorrespondingSourceObject: {fileID: 0}
  m_PrefabInstance: {fileID: 0}
  m_PrefabAsset: {fileID: 0}
  m_GameObject: {fileID: 3764844536295604645}
  m_Mesh: {fileID: 10208, guid: 0000000000000000e000000000000000, type: 0}
--- !u!23 &4299149280046346888
MeshRenderer:
  m_ObjectHideFlags: 0
  m_CorrespondingSourceObject: {fileID: 0}
  m_PrefabInstance: {fileID: 0}
  m_PrefabAsset: {fileID: 0}
  m_GameObject: {fileID: 3764844536295604645}
  m_Enabled: 1
  m_CastShadows: 0
  m_ReceiveShadows: 0
  m_DynamicOccludee: 0
  m_MotionVectors: 1
  m_LightProbeUsage: 1
  m_ReflectionProbeUsage: 1
  m_RayTracingMode: 2
  m_RenderingLayerMask: 1
  m_RendererPriority: 0
  m_Materials:
  - {fileID: 2100000, guid: 39c17ef02d7984b16941fb4f35556b8d, type: 2}
  m_StaticBatchInfo:
    firstSubMesh: 0
    subMeshCount: 0
  m_StaticBatchRoot: {fileID: 0}
  m_ProbeAnchor: {fileID: 0}
  m_LightProbeVolumeOverride: {fileID: 0}
  m_ScaleInLightmap: 1
  m_ReceiveGI: 1
  m_PreserveUVs: 0
  m_IgnoreNormalsForChartDetection: 0
  m_ImportantGI: 0
  m_StitchLightmapSeams: 1
  m_SelectedEditorRenderState: 3
  m_MinimumChartSize: 4
  m_AutoUVMaxDistance: 0.5
  m_AutoUVMaxAngle: 89
  m_LightmapParameters: {fileID: 0}
  m_SortingLayerID: 0
  m_SortingLayer: 0
  m_SortingOrder: 0
--- !u!1 &5584066692918821512
GameObject:
  m_ObjectHideFlags: 0
  m_CorrespondingSourceObject: {fileID: 0}
  m_PrefabInstance: {fileID: 0}
  m_PrefabAsset: {fileID: 0}
  serializedVersion: 6
  m_Component:
  - component: {fileID: 5584066692918821516}
  - component: {fileID: 5277458700333159964}
  - component: {fileID: 2798551903321715315}
  - component: {fileID: 2995654359203575815}
  - component: {fileID: 2577880627499941757}
  - component: {fileID: 5571749299434417713}
  - component: {fileID: 5584066692918821519}
  - component: {fileID: 5433920028849627280}
  - component: {fileID: 108227096913092971}
  m_Layer: 17
  m_Name: AlienSickus
  m_TagString: Untagged
  m_Icon: {fileID: 0}
  m_NavMeshLayer: 0
  m_StaticEditorFlags: 0
  m_IsActive: 1
--- !u!4 &5584066692918821516
Transform:
  m_ObjectHideFlags: 0
  m_CorrespondingSourceObject: {fileID: 0}
  m_PrefabInstance: {fileID: 0}
  m_PrefabAsset: {fileID: 0}
  m_GameObject: {fileID: 5584066692918821512}
  m_LocalRotation: {x: 0, y: 0, z: 0, w: 1}
  m_LocalPosition: {x: 0, y: 0, z: 0}
  m_LocalScale: {x: 1, y: 1, z: 1}
  m_Children:
  - {fileID: 1998043363825000494}
  - {fileID: 4274406575624474657}
  - {fileID: 7262228982831400212}
  - {fileID: 7456701124938437869}
  - {fileID: 2469732000123842949}
  m_Father: {fileID: 0}
  m_RootOrder: 0
  m_LocalEulerAnglesHint: {x: 0, y: 0, z: 0}
--- !u!114 &5277458700333159964
MonoBehaviour:
  m_ObjectHideFlags: 0
  m_CorrespondingSourceObject: {fileID: 0}
  m_PrefabInstance: {fileID: 0}
  m_PrefabAsset: {fileID: 0}
  m_GameObject: {fileID: 5584066692918821512}
  m_Enabled: 1
  m_EditorHideFlags: 0
  m_Script: {fileID: 11500000, guid: a7d2db47edb45443fa45dad8a66cffac, type: 3}
  m_Name: 
  m_EditorClassIdentifier: 
  prefabName: Flying
  DamagePoint: {fileID: 5584066693027974878}
  Health: 1500
  MaxHealth: 1500
  healthBar: {fileID: 1098999471934526438}
  vFXManager: {fileID: 5383799233599454125}
  animation: {fileID: 108227096913092971}
  isPlayer: 0
  enemyID: 0
--- !u!114 &2798551903321715315
MonoBehaviour:
  m_ObjectHideFlags: 0
  m_CorrespondingSourceObject: {fileID: 0}
  m_PrefabInstance: {fileID: 0}
  m_PrefabAsset: {fileID: 0}
  m_GameObject: {fileID: 5584066692918821512}
  m_Enabled: 1
  m_EditorHideFlags: 0
  m_Script: {fileID: 11500000, guid: 41964ad20d3bf4a2db85235ba5302c3c, type: 3}
  m_Name: 
  m_EditorClassIdentifier: 
  parameters:
    movementDisplacement: 2
    sleepTime: 3
--- !u!114 &2995654359203575815
MonoBehaviour:
  m_ObjectHideFlags: 0
  m_CorrespondingSourceObject: {fileID: 0}
  m_PrefabInstance: {fileID: 0}
  m_PrefabAsset: {fileID: 0}
  m_GameObject: {fileID: 5584066692918821512}
  m_Enabled: 1
  m_EditorHideFlags: 0
  m_Script: {fileID: 11500000, guid: 6ac5c14573feb4baabb1b02be8090d24, type: 3}
  m_Name: 
  m_EditorClassIdentifier: 
  parameters:
    health: 8
    damage: 1
--- !u!114 &2577880627499941757
MonoBehaviour:
  m_ObjectHideFlags: 0
  m_CorrespondingSourceObject: {fileID: 0}
  m_PrefabInstance: {fileID: 0}
  m_PrefabAsset: {fileID: 0}
  m_GameObject: {fileID: 5584066692918821512}
  m_Enabled: 1
  m_EditorHideFlags: 0
  m_Script: {fileID: 11500000, guid: a9acc856c156148ce9b612a80ad37029, type: 3}
  m_Name: 
  m_EditorClassIdentifier: 
  parameters:
    movementSpeed: 2
    position: {x: 0, y: 0, z: 0}
    rotation: {x: 0, y: 0, z: 0, w: 0}
--- !u!114 &5571749299434417713
MonoBehaviour:
  m_ObjectHideFlags: 0
  m_CorrespondingSourceObject: {fileID: 0}
  m_PrefabInstance: {fileID: 0}
  m_PrefabAsset: {fileID: 0}
  m_GameObject: {fileID: 5584066692918821512}
  m_Enabled: 1
  m_EditorHideFlags: 0
  m_Script: {fileID: 11500000, guid: 0e8d5af5ff6b74e4ea50194245b482e9, type: 3}
  m_Name: 
  m_EditorClassIdentifier: 
  parameters:
    shotFrequency: 1.3
  arms: {fileID: 6726070809121664816, guid: c276c18fd9c08c2459b1b700e7b9e021, type: 3}
  shotPoint: {fileID: 4274406575624474657}
  Damage: 0
--- !u!54 &5584066692918821519
Rigidbody:
  m_ObjectHideFlags: 0
  m_CorrespondingSourceObject: {fileID: 0}
  m_PrefabInstance: {fileID: 0}
  m_PrefabAsset: {fileID: 0}
  m_GameObject: {fileID: 5584066692918821512}
  serializedVersion: 2
  m_Mass: 1
  m_Drag: 0
  m_AngularDrag: Infinity
  m_UseGravity: 0
  m_IsKinematic: 0
  m_Interpolate: 0
  m_Constraints: 84
  m_CollisionDetection: 0
--- !u!136 &5433920028849627280
CapsuleCollider:
  m_ObjectHideFlags: 0
  m_CorrespondingSourceObject: {fileID: 0}
  m_PrefabInstance: {fileID: 0}
  m_PrefabAsset: {fileID: 0}
  m_GameObject: {fileID: 5584066692918821512}
  m_Material: {fileID: 0}
  m_IsTrigger: 0
  m_Enabled: 1
  m_Radius: 0.2472595
  m_Height: 0.97485304
  m_Direction: 1
  m_Center: {x: -0.034655154, y: 1.1019001, z: 0}
--- !u!114 &108227096913092971
MonoBehaviour:
  m_ObjectHideFlags: 0
  m_CorrespondingSourceObject: {fileID: 0}
  m_PrefabInstance: {fileID: 0}
  m_PrefabAsset: {fileID: 0}
  m_GameObject: {fileID: 5584066692918821512}
  m_Enabled: 1
  m_EditorHideFlags: 0
  m_Script: {fileID: 11500000, guid: c4f7adbb3a4f112428a84569ec493708, type: 3}
  m_Name: 
  m_EditorClassIdentifier: 
  ForwardAnimationParameter: Fly Forward
  DieAnimationParameter: Die
  AttackAnimationParametet: Projectile Attack
  animator: {fileID: 7262228982838373104}
--- !u!1 &5584066693027974879
GameObject:
  m_ObjectHideFlags: 0
  m_CorrespondingSourceObject: {fileID: 0}
  m_PrefabInstance: {fileID: 0}
  m_PrefabAsset: {fileID: 0}
  serializedVersion: 6
  m_Component:
  - component: {fileID: 5584066693027974878}
  - component: {fileID: 5584066693027974864}
  - component: {fileID: 5584066693027974865}
  m_Layer: 9
  m_Name: Sphere
  m_TagString: Untagged
  m_Icon: {fileID: 0}
  m_NavMeshLayer: 0
  m_StaticEditorFlags: 0
  m_IsActive: 1
--- !u!4 &5584066693027974878
Transform:
  m_ObjectHideFlags: 0
  m_CorrespondingSourceObject: {fileID: 0}
  m_PrefabInstance: {fileID: 0}
  m_PrefabAsset: {fileID: 0}
  m_GameObject: {fileID: 5584066693027974879}
  m_LocalRotation: {x: -0, y: -0, z: -0, w: 1}
  m_LocalPosition: {x: 0, y: 0, z: 0}
  m_LocalScale: {x: 1, y: 1, z: 1}
  m_Children: []
  m_Father: {fileID: 1998043363825000494}
  m_RootOrder: 0
  m_LocalEulerAnglesHint: {x: 0, y: 0, z: 0}
--- !u!33 &5584066693027974864
MeshFilter:
  m_ObjectHideFlags: 0
  m_CorrespondingSourceObject: {fileID: 0}
  m_PrefabInstance: {fileID: 0}
  m_PrefabAsset: {fileID: 0}
  m_GameObject: {fileID: 5584066693027974879}
  m_Mesh: {fileID: 10207, guid: 0000000000000000e000000000000000, type: 0}
--- !u!23 &5584066693027974865
MeshRenderer:
  m_ObjectHideFlags: 0
  m_CorrespondingSourceObject: {fileID: 0}
  m_PrefabInstance: {fileID: 0}
  m_PrefabAsset: {fileID: 0}
  m_GameObject: {fileID: 5584066693027974879}
  m_Enabled: 1
  m_CastShadows: 1
  m_ReceiveShadows: 0
  m_DynamicOccludee: 0
  m_MotionVectors: 1
  m_LightProbeUsage: 1
  m_ReflectionProbeUsage: 1
  m_RayTracingMode: 2
  m_RenderingLayerMask: 1
  m_RendererPriority: 0
  m_Materials:
  - {fileID: 2100000, guid: fd39e02a7b172431faeb45fb7ce7ef8f, type: 2}
  m_StaticBatchInfo:
    firstSubMesh: 0
    subMeshCount: 0
  m_StaticBatchRoot: {fileID: 0}
  m_ProbeAnchor: {fileID: 0}
  m_LightProbeVolumeOverride: {fileID: 0}
  m_ScaleInLightmap: 1
  m_ReceiveGI: 1
  m_PreserveUVs: 0
  m_IgnoreNormalsForChartDetection: 0
  m_ImportantGI: 0
  m_StitchLightmapSeams: 1
  m_SelectedEditorRenderState: 3
  m_MinimumChartSize: 4
  m_AutoUVMaxDistance: 0.5
  m_AutoUVMaxAngle: 89
  m_LightmapParameters: {fileID: 0}
  m_SortingLayerID: 0
  m_SortingLayer: 0
  m_SortingOrder: 0
--- !u!1001 &120974388557260645
PrefabInstance:
  m_ObjectHideFlags: 0
  serializedVersion: 2
  m_Modification:
    m_TransformParent: {fileID: 5584066692918821516}
    m_Modifications:
    - target: {fileID: 1075700203125732483, guid: 25b4d61151208c1458c9fd6eccfe2726,
        type: 3}
      propertyPath: damageText
      value: 
      objectReference: {fileID: 3015532934602695408}
    - target: {fileID: 2237608192215519650, guid: 25b4d61151208c1458c9fd6eccfe2726,
        type: 3}
      propertyPath: m_Name
      value: Canvas
      objectReference: {fileID: 0}
    - target: {fileID: 2588313851353880288, guid: 25b4d61151208c1458c9fd6eccfe2726,
        type: 3}
      propertyPath: m_LocalPosition.x
      value: 0
      objectReference: {fileID: 0}
    - target: {fileID: 2588313851353880288, guid: 25b4d61151208c1458c9fd6eccfe2726,
        type: 3}
      propertyPath: m_LocalPosition.y
      value: 0
      objectReference: {fileID: 0}
    - target: {fileID: 2588313851353880288, guid: 25b4d61151208c1458c9fd6eccfe2726,
        type: 3}
      propertyPath: m_LocalPosition.z
      value: 0
      objectReference: {fileID: 0}
    - target: {fileID: 2588313851353880288, guid: 25b4d61151208c1458c9fd6eccfe2726,
        type: 3}
      propertyPath: m_LocalRotation.x
      value: 0
      objectReference: {fileID: 0}
    - target: {fileID: 2588313851353880288, guid: 25b4d61151208c1458c9fd6eccfe2726,
        type: 3}
      propertyPath: m_LocalRotation.y
      value: 0
      objectReference: {fileID: 0}
    - target: {fileID: 2588313851353880288, guid: 25b4d61151208c1458c9fd6eccfe2726,
        type: 3}
      propertyPath: m_LocalRotation.z
      value: 0
      objectReference: {fileID: 0}
    - target: {fileID: 2588313851353880288, guid: 25b4d61151208c1458c9fd6eccfe2726,
        type: 3}
      propertyPath: m_LocalRotation.w
      value: 1
      objectReference: {fileID: 0}
    - target: {fileID: 2588313851353880288, guid: 25b4d61151208c1458c9fd6eccfe2726,
        type: 3}
      propertyPath: m_RootOrder
      value: 4
      objectReference: {fileID: 0}
    - target: {fileID: 2588313851353880288, guid: 25b4d61151208c1458c9fd6eccfe2726,
        type: 3}
      propertyPath: m_LocalEulerAnglesHint.x
      value: 0
      objectReference: {fileID: 0}
    - target: {fileID: 2588313851353880288, guid: 25b4d61151208c1458c9fd6eccfe2726,
        type: 3}
      propertyPath: m_LocalEulerAnglesHint.y
      value: 0
      objectReference: {fileID: 0}
    - target: {fileID: 2588313851353880288, guid: 25b4d61151208c1458c9fd6eccfe2726,
        type: 3}
      propertyPath: m_LocalEulerAnglesHint.z
      value: 0
      objectReference: {fileID: 0}
    - target: {fileID: 2588313851353880288, guid: 25b4d61151208c1458c9fd6eccfe2726,
        type: 3}
      propertyPath: m_AnchoredPosition.x
      value: 0
      objectReference: {fileID: 0}
    - target: {fileID: 2588313851353880288, guid: 25b4d61151208c1458c9fd6eccfe2726,
        type: 3}
      propertyPath: m_AnchoredPosition.y
      value: 3.39
      objectReference: {fileID: 0}
    - target: {fileID: 2588313851353880288, guid: 25b4d61151208c1458c9fd6eccfe2726,
        type: 3}
      propertyPath: m_SizeDelta.x
      value: 223.174
      objectReference: {fileID: 0}
    - target: {fileID: 2588313851353880288, guid: 25b4d61151208c1458c9fd6eccfe2726,
        type: 3}
      propertyPath: m_SizeDelta.y
      value: 237.843
      objectReference: {fileID: 0}
    - target: {fileID: 2588313851353880288, guid: 25b4d61151208c1458c9fd6eccfe2726,
        type: 3}
      propertyPath: m_AnchorMin.x
      value: 0
      objectReference: {fileID: 0}
    - target: {fileID: 2588313851353880288, guid: 25b4d61151208c1458c9fd6eccfe2726,
        type: 3}
      propertyPath: m_AnchorMin.y
      value: 0
      objectReference: {fileID: 0}
    - target: {fileID: 2588313851353880288, guid: 25b4d61151208c1458c9fd6eccfe2726,
        type: 3}
      propertyPath: m_AnchorMax.x
      value: 0
      objectReference: {fileID: 0}
    - target: {fileID: 2588313851353880288, guid: 25b4d61151208c1458c9fd6eccfe2726,
        type: 3}
      propertyPath: m_AnchorMax.y
      value: 0
      objectReference: {fileID: 0}
    - target: {fileID: 2588313851353880288, guid: 25b4d61151208c1458c9fd6eccfe2726,
        type: 3}
      propertyPath: m_Pivot.x
      value: 0.5
      objectReference: {fileID: 0}
    - target: {fileID: 2588313851353880288, guid: 25b4d61151208c1458c9fd6eccfe2726,
        type: 3}
      propertyPath: m_Pivot.y
      value: 0.5
      objectReference: {fileID: 0}
    m_RemovedComponents: []
  m_SourcePrefab: {fileID: 100100000, guid: 25b4d61151208c1458c9fd6eccfe2726, type: 3}
--- !u!224 &2469732000123842949 stripped
RectTransform:
  m_CorrespondingSourceObject: {fileID: 2588313851353880288, guid: 25b4d61151208c1458c9fd6eccfe2726,
    type: 3}
  m_PrefabInstance: {fileID: 120974388557260645}
  m_PrefabAsset: {fileID: 0}
--- !u!114 &1098999471934526438 stripped
MonoBehaviour:
  m_CorrespondingSourceObject: {fileID: 1075700203125732483, guid: 25b4d61151208c1458c9fd6eccfe2726,
    type: 3}
  m_PrefabInstance: {fileID: 120974388557260645}
  m_PrefabAsset: {fileID: 0}
  m_GameObject: {fileID: 0}
  m_Enabled: 1
  m_EditorHideFlags: 0
  m_Script: {fileID: 11500000, guid: 02ff40c15eb431947a3329564f4e6802, type: 3}
  m_Name: 
  m_EditorClassIdentifier: 
--- !u!114 &3015532934602695408 stripped
MonoBehaviour:
  m_CorrespondingSourceObject: {fileID: 2915124917502215573, guid: 25b4d61151208c1458c9fd6eccfe2726,
    type: 3}
  m_PrefabInstance: {fileID: 120974388557260645}
  m_PrefabAsset: {fileID: 0}
  m_GameObject: {fileID: 0}
  m_Enabled: 1
  m_EditorHideFlags: 0
  m_Script: {fileID: 11500000, guid: 5f7201a12d95ffc409449d95f23cf332, type: 3}
  m_Name: 
  m_EditorClassIdentifier: 
--- !u!1001 &7262228982831013776
PrefabInstance:
  m_ObjectHideFlags: 0
  serializedVersion: 2
  m_Modification:
    m_TransformParent: {fileID: 5584066692918821516}
    m_Modifications:
    - target: {fileID: 100004, guid: 51c5fbc026d28124e92a946a985b20a1, type: 3}
      propertyPath: m_Name
      value: Polygonal Alien Sicklus
      objectReference: {fileID: 0}
    - target: {fileID: 400004, guid: 51c5fbc026d28124e92a946a985b20a1, type: 3}
      propertyPath: m_LocalPosition.x
      value: 0
      objectReference: {fileID: 0}
    - target: {fileID: 400004, guid: 51c5fbc026d28124e92a946a985b20a1, type: 3}
      propertyPath: m_LocalPosition.y
      value: 0
      objectReference: {fileID: 0}
    - target: {fileID: 400004, guid: 51c5fbc026d28124e92a946a985b20a1, type: 3}
      propertyPath: m_LocalPosition.z
      value: 0
      objectReference: {fileID: 0}
    - target: {fileID: 400004, guid: 51c5fbc026d28124e92a946a985b20a1, type: 3}
      propertyPath: m_LocalRotation.x
      value: 0
      objectReference: {fileID: 0}
    - target: {fileID: 400004, guid: 51c5fbc026d28124e92a946a985b20a1, type: 3}
      propertyPath: m_LocalRotation.y
      value: 0
      objectReference: {fileID: 0}
    - target: {fileID: 400004, guid: 51c5fbc026d28124e92a946a985b20a1, type: 3}
      propertyPath: m_LocalRotation.z
      value: 0
      objectReference: {fileID: 0}
    - target: {fileID: 400004, guid: 51c5fbc026d28124e92a946a985b20a1, type: 3}
      propertyPath: m_LocalRotation.w
      value: 1
      objectReference: {fileID: 0}
    - target: {fileID: 400004, guid: 51c5fbc026d28124e92a946a985b20a1, type: 3}
      propertyPath: m_RootOrder
      value: 2
      objectReference: {fileID: 0}
    - target: {fileID: 400004, guid: 51c5fbc026d28124e92a946a985b20a1, type: 3}
      propertyPath: m_LocalEulerAnglesHint.x
      value: 0
      objectReference: {fileID: 0}
    - target: {fileID: 400004, guid: 51c5fbc026d28124e92a946a985b20a1, type: 3}
      propertyPath: m_LocalEulerAnglesHint.y
      value: 0
      objectReference: {fileID: 0}
    - target: {fileID: 400004, guid: 51c5fbc026d28124e92a946a985b20a1, type: 3}
      propertyPath: m_LocalEulerAnglesHint.z
      value: 0
      objectReference: {fileID: 0}
    - target: {fileID: 400004, guid: 51c5fbc026d28124e92a946a985b20a1, type: 3}
      propertyPath: m_LocalScale.x
      value: 0.8
      objectReference: {fileID: 0}
    - target: {fileID: 400004, guid: 51c5fbc026d28124e92a946a985b20a1, type: 3}
      propertyPath: m_LocalScale.y
      value: 0.8
      objectReference: {fileID: 0}
    - target: {fileID: 400004, guid: 51c5fbc026d28124e92a946a985b20a1, type: 3}
      propertyPath: m_LocalScale.z
      value: 0.8
      objectReference: {fileID: 0}
    - target: {fileID: 400008, guid: 51c5fbc026d28124e92a946a985b20a1, type: 3}
      propertyPath: m_LocalEulerAnglesHint.y
      value: -90.00001
      objectReference: {fileID: 0}
    - target: {fileID: 400008, guid: 51c5fbc026d28124e92a946a985b20a1, type: 3}
      propertyPath: m_LocalEulerAnglesHint.z
      value: -90
      objectReference: {fileID: 0}
    - target: {fileID: 400010, guid: 51c5fbc026d28124e92a946a985b20a1, type: 3}
      propertyPath: m_LocalEulerAnglesHint.x
      value: -0.000004529953
      objectReference: {fileID: 0}
    - target: {fileID: 400010, guid: 51c5fbc026d28124e92a946a985b20a1, type: 3}
      propertyPath: m_LocalEulerAnglesHint.y
      value: -0.0000042915344
      objectReference: {fileID: 0}
    - target: {fileID: 400010, guid: 51c5fbc026d28124e92a946a985b20a1, type: 3}
      propertyPath: m_LocalEulerAnglesHint.z
      value: -76.84365
      objectReference: {fileID: 0}
    - target: {fileID: 400012, guid: 51c5fbc026d28124e92a946a985b20a1, type: 3}
      propertyPath: m_LocalEulerAnglesHint.x
      value: -0.00000834465
      objectReference: {fileID: 0}
    - target: {fileID: 400012, guid: 51c5fbc026d28124e92a946a985b20a1, type: 3}
      propertyPath: m_LocalEulerAnglesHint.y
      value: -87.999985
      objectReference: {fileID: 0}
    - target: {fileID: 400012, guid: 51c5fbc026d28124e92a946a985b20a1, type: 3}
      propertyPath: m_LocalEulerAnglesHint.z
      value: 122.67224
      objectReference: {fileID: 0}
    - target: {fileID: 400014, guid: 51c5fbc026d28124e92a946a985b20a1, type: 3}
      propertyPath: m_LocalEulerAnglesHint.x
      value: -0.00000333786
      objectReference: {fileID: 0}
    - target: {fileID: 400014, guid: 51c5fbc026d28124e92a946a985b20a1, type: 3}
      propertyPath: m_LocalEulerAnglesHint.y
      value: -0.0000042915344
      objectReference: {fileID: 0}
    - target: {fileID: 400014, guid: 51c5fbc026d28124e92a946a985b20a1, type: 3}
      propertyPath: m_LocalEulerAnglesHint.z
      value: -80.65115
      objectReference: {fileID: 0}
    - target: {fileID: 400016, guid: 51c5fbc026d28124e92a946a985b20a1, type: 3}
      propertyPath: m_LocalEulerAnglesHint.x
      value: -0.000007107854
      objectReference: {fileID: 0}
    - target: {fileID: 400016, guid: 51c5fbc026d28124e92a946a985b20a1, type: 3}
      propertyPath: m_LocalEulerAnglesHint.y
      value: -87.999985
      objectReference: {fileID: 0}
    - target: {fileID: 400016, guid: 51c5fbc026d28124e92a946a985b20a1, type: 3}
      propertyPath: m_LocalEulerAnglesHint.z
      value: 118.86474
      objectReference: {fileID: 0}
    - target: {fileID: 400018, guid: 51c5fbc026d28124e92a946a985b20a1, type: 3}
      propertyPath: m_LocalEulerAnglesHint.x
      value: -0.0000039041042
      objectReference: {fileID: 0}
    - target: {fileID: 400018, guid: 51c5fbc026d28124e92a946a985b20a1, type: 3}
      propertyPath: m_LocalEulerAnglesHint.y
      value: -0.000004261732
      objectReference: {fileID: 0}
    - target: {fileID: 400018, guid: 51c5fbc026d28124e92a946a985b20a1, type: 3}
      propertyPath: m_LocalEulerAnglesHint.z
      value: -79.99098
      objectReference: {fileID: 0}
    - target: {fileID: 400020, guid: 51c5fbc026d28124e92a946a985b20a1, type: 3}
      propertyPath: m_LocalEulerAnglesHint.x
      value: -0.000008583069
      objectReference: {fileID: 0}
    - target: {fileID: 400020, guid: 51c5fbc026d28124e92a946a985b20a1, type: 3}
      propertyPath: m_LocalEulerAnglesHint.y
      value: -87.999985
      objectReference: {fileID: 0}
    - target: {fileID: 400020, guid: 51c5fbc026d28124e92a946a985b20a1, type: 3}
      propertyPath: m_LocalEulerAnglesHint.z
      value: 119.5249
      objectReference: {fileID: 0}
    - target: {fileID: 400022, guid: 51c5fbc026d28124e92a946a985b20a1, type: 3}
      propertyPath: m_LocalEulerAnglesHint.x
      value: -0.000014841557
      objectReference: {fileID: 0}
    - target: {fileID: 400022, guid: 51c5fbc026d28124e92a946a985b20a1, type: 3}
      propertyPath: m_LocalEulerAnglesHint.y
      value: -0.000015735626
      objectReference: {fileID: 0}
    - target: {fileID: 400022, guid: 51c5fbc026d28124e92a946a985b20a1, type: 3}
      propertyPath: m_LocalEulerAnglesHint.z
      value: -76.84365
      objectReference: {fileID: 0}
    - target: {fileID: 400024, guid: 51c5fbc026d28124e92a946a985b20a1, type: 3}
      propertyPath: m_LocalEulerAnglesHint.x
      value: 0.00000023841858
      objectReference: {fileID: 0}
    - target: {fileID: 400024, guid: 51c5fbc026d28124e92a946a985b20a1, type: 3}
      propertyPath: m_LocalEulerAnglesHint.y
      value: -87.99997
      objectReference: {fileID: 0}
    - target: {fileID: 400024, guid: 51c5fbc026d28124e92a946a985b20a1, type: 3}
      propertyPath: m_LocalEulerAnglesHint.z
      value: 122.67226
      objectReference: {fileID: 0}
    - target: {fileID: 400026, guid: 51c5fbc026d28124e92a946a985b20a1, type: 3}
      propertyPath: m_LocalEulerAnglesHint.x
      value: -0.000015497208
      objectReference: {fileID: 0}
    - target: {fileID: 400026, guid: 51c5fbc026d28124e92a946a985b20a1, type: 3}
      propertyPath: m_LocalEulerAnglesHint.y
      value: -0.000015735626
      objectReference: {fileID: 0}
    - target: {fileID: 400026, guid: 51c5fbc026d28124e92a946a985b20a1, type: 3}
      propertyPath: m_LocalEulerAnglesHint.z
      value: -80.65115
      objectReference: {fileID: 0}
    - target: {fileID: 400028, guid: 51c5fbc026d28124e92a946a985b20a1, type: 3}
      propertyPath: m_LocalEulerAnglesHint.x
      value: -0.0000019073486
      objectReference: {fileID: 0}
    - target: {fileID: 400028, guid: 51c5fbc026d28124e92a946a985b20a1, type: 3}
      propertyPath: m_LocalEulerAnglesHint.y
      value: -87.99998
      objectReference: {fileID: 0}
    - target: {fileID: 400028, guid: 51c5fbc026d28124e92a946a985b20a1, type: 3}
      propertyPath: m_LocalEulerAnglesHint.z
      value: 118.86474
      objectReference: {fileID: 0}
    - target: {fileID: 400030, guid: 51c5fbc026d28124e92a946a985b20a1, type: 3}
      propertyPath: m_LocalEulerAnglesHint.x
      value: -0.000015377998
      objectReference: {fileID: 0}
    - target: {fileID: 400030, guid: 51c5fbc026d28124e92a946a985b20a1, type: 3}
      propertyPath: m_LocalEulerAnglesHint.y
      value: -0.000016212463
      objectReference: {fileID: 0}
    - target: {fileID: 400030, guid: 51c5fbc026d28124e92a946a985b20a1, type: 3}
      propertyPath: m_LocalEulerAnglesHint.z
      value: -79.99098
      objectReference: {fileID: 0}
    - target: {fileID: 400032, guid: 51c5fbc026d28124e92a946a985b20a1, type: 3}
      propertyPath: m_LocalEulerAnglesHint.x
      value: -0.00000029802322
      objectReference: {fileID: 0}
    - target: {fileID: 400032, guid: 51c5fbc026d28124e92a946a985b20a1, type: 3}
      propertyPath: m_LocalEulerAnglesHint.y
      value: -87.99996
      objectReference: {fileID: 0}
    - target: {fileID: 400032, guid: 51c5fbc026d28124e92a946a985b20a1, type: 3}
      propertyPath: m_LocalEulerAnglesHint.z
      value: 119.52492
      objectReference: {fileID: 0}
    - target: {fileID: 400034, guid: 51c5fbc026d28124e92a946a985b20a1, type: 3}
      propertyPath: m_LocalEulerAnglesHint.x
      value: -0.002702862
      objectReference: {fileID: 0}
    - target: {fileID: 400034, guid: 51c5fbc026d28124e92a946a985b20a1, type: 3}
      propertyPath: m_LocalEulerAnglesHint.y
      value: 0.010542482
      objectReference: {fileID: 0}
    - target: {fileID: 400034, guid: 51c5fbc026d28124e92a946a985b20a1, type: 3}
      propertyPath: m_LocalEulerAnglesHint.z
      value: -6.3410015
      objectReference: {fileID: 0}
    - target: {fileID: 400036, guid: 51c5fbc026d28124e92a946a985b20a1, type: 3}
      propertyPath: m_LocalEulerAnglesHint.x
      value: -0.00000846386
      objectReference: {fileID: 0}
    - target: {fileID: 400036, guid: 51c5fbc026d28124e92a946a985b20a1, type: 3}
      propertyPath: m_LocalEulerAnglesHint.y
      value: -87.99997
      objectReference: {fileID: 0}
    - target: {fileID: 400036, guid: 51c5fbc026d28124e92a946a985b20a1, type: 3}
      propertyPath: m_LocalEulerAnglesHint.z
      value: 176.12112
      objectReference: {fileID: 0}
    - target: {fileID: 400038, guid: 51c5fbc026d28124e92a946a985b20a1, type: 3}
      propertyPath: m_LocalEulerAnglesHint.x
      value: -46.54595
      objectReference: {fileID: 0}
    - target: {fileID: 400038, guid: 51c5fbc026d28124e92a946a985b20a1, type: 3}
      propertyPath: m_LocalEulerAnglesHint.y
      value: 25.485584
      objectReference: {fileID: 0}
    - target: {fileID: 400038, guid: 51c5fbc026d28124e92a946a985b20a1, type: 3}
      propertyPath: m_LocalEulerAnglesHint.z
      value: 71.97773
      objectReference: {fileID: 0}
    - target: {fileID: 400040, guid: 51c5fbc026d28124e92a946a985b20a1, type: 3}
      propertyPath: m_LocalEulerAnglesHint.x
      value: 51.54385
      objectReference: {fileID: 0}
    - target: {fileID: 400040, guid: 51c5fbc026d28124e92a946a985b20a1, type: 3}
      propertyPath: m_LocalEulerAnglesHint.y
      value: -91.357765
      objectReference: {fileID: 0}
    - target: {fileID: 400040, guid: 51c5fbc026d28124e92a946a985b20a1, type: 3}
      propertyPath: m_LocalEulerAnglesHint.z
      value: -79.016884
      objectReference: {fileID: 0}
    - target: {fileID: 400042, guid: 51c5fbc026d28124e92a946a985b20a1, type: 3}
      propertyPath: m_LocalEulerAnglesHint.x
      value: 6.531893
      objectReference: {fileID: 0}
    - target: {fileID: 400042, guid: 51c5fbc026d28124e92a946a985b20a1, type: 3}
      propertyPath: m_LocalEulerAnglesHint.y
      value: 30.243612
      objectReference: {fileID: 0}
    - target: {fileID: 400042, guid: 51c5fbc026d28124e92a946a985b20a1, type: 3}
      propertyPath: m_LocalEulerAnglesHint.z
      value: -60.884323
      objectReference: {fileID: 0}
    - target: {fileID: 400044, guid: 51c5fbc026d28124e92a946a985b20a1, type: 3}
      propertyPath: m_LocalEulerAnglesHint.x
      value: 82.349495
      objectReference: {fileID: 0}
    - target: {fileID: 400044, guid: 51c5fbc026d28124e92a946a985b20a1, type: 3}
      propertyPath: m_LocalEulerAnglesHint.y
      value: -98.40563
      objectReference: {fileID: 0}
    - target: {fileID: 400044, guid: 51c5fbc026d28124e92a946a985b20a1, type: 3}
      propertyPath: m_LocalEulerAnglesHint.z
      value: -148.39543
      objectReference: {fileID: 0}
    - target: {fileID: 400046, guid: 51c5fbc026d28124e92a946a985b20a1, type: 3}
      propertyPath: m_LocalEulerAnglesHint.x
      value: -23.422062
      objectReference: {fileID: 0}
    - target: {fileID: 400046, guid: 51c5fbc026d28124e92a946a985b20a1, type: 3}
      propertyPath: m_LocalEulerAnglesHint.y
      value: -81.1803
      objectReference: {fileID: 0}
    - target: {fileID: 400046, guid: 51c5fbc026d28124e92a946a985b20a1, type: 3}
      propertyPath: m_LocalEulerAnglesHint.z
      value: 114.128654
      objectReference: {fileID: 0}
    - target: {fileID: 400048, guid: 51c5fbc026d28124e92a946a985b20a1, type: 3}
      propertyPath: m_LocalEulerAnglesHint.x
      value: 6.9641633
      objectReference: {fileID: 0}
    - target: {fileID: 400048, guid: 51c5fbc026d28124e92a946a985b20a1, type: 3}
      propertyPath: m_LocalEulerAnglesHint.y
      value: -17.339872
      objectReference: {fileID: 0}
    - target: {fileID: 400048, guid: 51c5fbc026d28124e92a946a985b20a1, type: 3}
      propertyPath: m_LocalEulerAnglesHint.z
      value: 20.024494
      objectReference: {fileID: 0}
    - target: {fileID: 400050, guid: 51c5fbc026d28124e92a946a985b20a1, type: 3}
      propertyPath: m_LocalEulerAnglesHint.x
      value: 2.6787255
      objectReference: {fileID: 0}
    - target: {fileID: 400050, guid: 51c5fbc026d28124e92a946a985b20a1, type: 3}
      propertyPath: m_LocalEulerAnglesHint.y
      value: -15.608406
      objectReference: {fileID: 0}
    - target: {fileID: 400050, guid: 51c5fbc026d28124e92a946a985b20a1, type: 3}
      propertyPath: m_LocalEulerAnglesHint.z
      value: 15.103875
      objectReference: {fileID: 0}
    - target: {fileID: 400052, guid: 51c5fbc026d28124e92a946a985b20a1, type: 3}
      propertyPath: m_LocalEulerAnglesHint.x
      value: -1.6301217
      objectReference: {fileID: 0}
    - target: {fileID: 400052, guid: 51c5fbc026d28124e92a946a985b20a1, type: 3}
      propertyPath: m_LocalEulerAnglesHint.y
      value: -72.251015
      objectReference: {fileID: 0}
    - target: {fileID: 400052, guid: 51c5fbc026d28124e92a946a985b20a1, type: 3}
      propertyPath: m_LocalEulerAnglesHint.z
      value: -168.63326
      objectReference: {fileID: 0}
    - target: {fileID: 400054, guid: 51c5fbc026d28124e92a946a985b20a1, type: 3}
      propertyPath: m_LocalEulerAnglesHint.x
      value: -5.306303
      objectReference: {fileID: 0}
    - target: {fileID: 400054, guid: 51c5fbc026d28124e92a946a985b20a1, type: 3}
      propertyPath: m_LocalEulerAnglesHint.y
      value: 22.358479
      objectReference: {fileID: 0}
    - target: {fileID: 400054, guid: 51c5fbc026d28124e92a946a985b20a1, type: 3}
      propertyPath: m_LocalEulerAnglesHint.z
      value: 22.134472
      objectReference: {fileID: 0}
    - target: {fileID: 400056, guid: 51c5fbc026d28124e92a946a985b20a1, type: 3}
      propertyPath: m_LocalEulerAnglesHint.x
      value: 3.8213222
      objectReference: {fileID: 0}
    - target: {fileID: 400056, guid: 51c5fbc026d28124e92a946a985b20a1, type: 3}
      propertyPath: m_LocalEulerAnglesHint.y
      value: -110.64459
      objectReference: {fileID: 0}
    - target: {fileID: 400056, guid: 51c5fbc026d28124e92a946a985b20a1, type: 3}
      propertyPath: m_LocalEulerAnglesHint.z
      value: -161.46039
      objectReference: {fileID: 0}
    - target: {fileID: 400058, guid: 51c5fbc026d28124e92a946a985b20a1, type: 3}
      propertyPath: m_LocalEulerAnglesHint.x
      value: -0.99928606
      objectReference: {fileID: 0}
    - target: {fileID: 400058, guid: 51c5fbc026d28124e92a946a985b20a1, type: 3}
      propertyPath: m_LocalEulerAnglesHint.y
      value: -15.200956
      objectReference: {fileID: 0}
    - target: {fileID: 400058, guid: 51c5fbc026d28124e92a946a985b20a1, type: 3}
      propertyPath: m_LocalEulerAnglesHint.z
      value: -15.236086
      objectReference: {fileID: 0}
    - target: {fileID: 400060, guid: 51c5fbc026d28124e92a946a985b20a1, type: 3}
      propertyPath: m_LocalEulerAnglesHint.x
      value: 2.0134683
      objectReference: {fileID: 0}
    - target: {fileID: 400060, guid: 51c5fbc026d28124e92a946a985b20a1, type: 3}
      propertyPath: m_LocalEulerAnglesHint.y
      value: -72.897514
      objectReference: {fileID: 0}
    - target: {fileID: 400060, guid: 51c5fbc026d28124e92a946a985b20a1, type: 3}
      propertyPath: m_LocalEulerAnglesHint.z
      value: 161.01865
      objectReference: {fileID: 0}
    - target: {fileID: 400062, guid: 51c5fbc026d28124e92a946a985b20a1, type: 3}
      propertyPath: m_LocalEulerAnglesHint.x
      value: 0.7033353
      objectReference: {fileID: 0}
    - target: {fileID: 400062, guid: 51c5fbc026d28124e92a946a985b20a1, type: 3}
      propertyPath: m_LocalEulerAnglesHint.y
      value: 18.18993
      objectReference: {fileID: 0}
    - target: {fileID: 400062, guid: 51c5fbc026d28124e92a946a985b20a1, type: 3}
      propertyPath: m_LocalEulerAnglesHint.z
      value: -12.149288
      objectReference: {fileID: 0}
    - target: {fileID: 400064, guid: 51c5fbc026d28124e92a946a985b20a1, type: 3}
      propertyPath: m_LocalEulerAnglesHint.x
      value: -1.9118977
      objectReference: {fileID: 0}
    - target: {fileID: 400064, guid: 51c5fbc026d28124e92a946a985b20a1, type: 3}
      propertyPath: m_LocalEulerAnglesHint.y
      value: -106.10572
      objectReference: {fileID: 0}
    - target: {fileID: 400064, guid: 51c5fbc026d28124e92a946a985b20a1, type: 3}
      propertyPath: m_LocalEulerAnglesHint.z
      value: 164.1639
      objectReference: {fileID: 0}
    - target: {fileID: 400066, guid: 51c5fbc026d28124e92a946a985b20a1, type: 3}
      propertyPath: m_LocalEulerAnglesHint.x
      value: -0.00051414967
      objectReference: {fileID: 0}
    - target: {fileID: 400066, guid: 51c5fbc026d28124e92a946a985b20a1, type: 3}
      propertyPath: m_LocalEulerAnglesHint.y
      value: -0.01088129
      objectReference: {fileID: 0}
    - target: {fileID: 400066, guid: 51c5fbc026d28124e92a946a985b20a1, type: 3}
      propertyPath: m_LocalEulerAnglesHint.z
      value: -17.053766
      objectReference: {fileID: 0}
    - target: {fileID: 400068, guid: 51c5fbc026d28124e92a946a985b20a1, type: 3}
      propertyPath: m_LocalEulerAnglesHint.x
      value: 44.864227
      objectReference: {fileID: 0}
    - target: {fileID: 400068, guid: 51c5fbc026d28124e92a946a985b20a1, type: 3}
      propertyPath: m_LocalEulerAnglesHint.y
      value: -24.034132
      objectReference: {fileID: 0}
    - target: {fileID: 400068, guid: 51c5fbc026d28124e92a946a985b20a1, type: 3}
      propertyPath: m_LocalEulerAnglesHint.z
      value: 73.08831
      objectReference: {fileID: 0}
    - target: {fileID: 400070, guid: 51c5fbc026d28124e92a946a985b20a1, type: 3}
      propertyPath: m_LocalEulerAnglesHint.x
      value: -49.582306
      objectReference: {fileID: 0}
    - target: {fileID: 400070, guid: 51c5fbc026d28124e92a946a985b20a1, type: 3}
      propertyPath: m_LocalEulerAnglesHint.y
      value: -84.77927
      objectReference: {fileID: 0}
    - target: {fileID: 400070, guid: 51c5fbc026d28124e92a946a985b20a1, type: 3}
      propertyPath: m_LocalEulerAnglesHint.z
      value: -78.83945
      objectReference: {fileID: 0}
    - target: {fileID: 400072, guid: 51c5fbc026d28124e92a946a985b20a1, type: 3}
      propertyPath: m_LocalEulerAnglesHint.x
      value: -7.0529213
      objectReference: {fileID: 0}
    - target: {fileID: 400072, guid: 51c5fbc026d28124e92a946a985b20a1, type: 3}
      propertyPath: m_LocalEulerAnglesHint.y
      value: -32.572643
      objectReference: {fileID: 0}
    - target: {fileID: 400072, guid: 51c5fbc026d28124e92a946a985b20a1, type: 3}
      propertyPath: m_LocalEulerAnglesHint.z
      value: -60.665848
      objectReference: {fileID: 0}
    - target: {fileID: 400074, guid: 51c5fbc026d28124e92a946a985b20a1, type: 3}
      propertyPath: m_LocalEulerAnglesHint.x
      value: -82.748985
      objectReference: {fileID: 0}
    - target: {fileID: 400074, guid: 51c5fbc026d28124e92a946a985b20a1, type: 3}
      propertyPath: m_LocalEulerAnglesHint.y
      value: -77.0174
      objectReference: {fileID: 0}
    - target: {fileID: 400074, guid: 51c5fbc026d28124e92a946a985b20a1, type: 3}
      propertyPath: m_LocalEulerAnglesHint.z
      value: -148.97726
      objectReference: {fileID: 0}
    - target: {fileID: 400076, guid: 51c5fbc026d28124e92a946a985b20a1, type: 3}
      propertyPath: m_LocalEulerAnglesHint.x
      value: 23.761341
      objectReference: {fileID: 0}
    - target: {fileID: 400076, guid: 51c5fbc026d28124e92a946a985b20a1, type: 3}
      propertyPath: m_LocalEulerAnglesHint.y
      value: 80.352776
      objectReference: {fileID: 0}
    - target: {fileID: 400076, guid: 51c5fbc026d28124e92a946a985b20a1, type: 3}
      propertyPath: m_LocalEulerAnglesHint.z
      value: 116.01852
      objectReference: {fileID: 0}
    - target: {fileID: 400078, guid: 51c5fbc026d28124e92a946a985b20a1, type: 3}
      propertyPath: m_LocalEulerAnglesHint.x
      value: -7.876454
      objectReference: {fileID: 0}
    - target: {fileID: 400078, guid: 51c5fbc026d28124e92a946a985b20a1, type: 3}
      propertyPath: m_LocalEulerAnglesHint.y
      value: -159.00188
      objectReference: {fileID: 0}
    - target: {fileID: 400078, guid: 51c5fbc026d28124e92a946a985b20a1, type: 3}
      propertyPath: m_LocalEulerAnglesHint.z
      value: 22.670475
      objectReference: {fileID: 0}
    - target: {fileID: 400080, guid: 51c5fbc026d28124e92a946a985b20a1, type: 3}
      propertyPath: m_LocalEulerAnglesHint.x
      value: -0.000015402213
      objectReference: {fileID: 0}
    - target: {fileID: 400080, guid: 51c5fbc026d28124e92a946a985b20a1, type: 3}
      propertyPath: m_LocalEulerAnglesHint.y
      value: -87.99998
      objectReference: {fileID: 0}
    - target: {fileID: 400080, guid: 51c5fbc026d28124e92a946a985b20a1, type: 3}
      propertyPath: m_LocalEulerAnglesHint.z
      value: -160.48409
      objectReference: {fileID: 0}
    - target: {fileID: 400082, guid: 51c5fbc026d28124e92a946a985b20a1, type: 3}
      propertyPath: m_LocalEulerAnglesHint.x
      value: -0.000015402213
      objectReference: {fileID: 0}
    - target: {fileID: 400082, guid: 51c5fbc026d28124e92a946a985b20a1, type: 3}
      propertyPath: m_LocalEulerAnglesHint.y
      value: -87.99998
      objectReference: {fileID: 0}
    - target: {fileID: 400082, guid: 51c5fbc026d28124e92a946a985b20a1, type: 3}
      propertyPath: m_LocalEulerAnglesHint.z
      value: -160.48409
      objectReference: {fileID: 0}
    - target: {fileID: 400084, guid: 51c5fbc026d28124e92a946a985b20a1, type: 3}
      propertyPath: m_LocalEulerAnglesHint.x
      value: 0.30578893
      objectReference: {fileID: 0}
    - target: {fileID: 400084, guid: 51c5fbc026d28124e92a946a985b20a1, type: 3}
      propertyPath: m_LocalEulerAnglesHint.y
      value: 0.8858073
      objectReference: {fileID: 0}
    - target: {fileID: 400084, guid: 51c5fbc026d28124e92a946a985b20a1, type: 3}
      propertyPath: m_LocalEulerAnglesHint.z
      value: -143.106
      objectReference: {fileID: 0}
    - target: {fileID: 400086, guid: 51c5fbc026d28124e92a946a985b20a1, type: 3}
      propertyPath: m_LocalEulerAnglesHint.x
      value: 0.0867517
      objectReference: {fileID: 0}
    - target: {fileID: 400086, guid: 51c5fbc026d28124e92a946a985b20a1, type: 3}
      propertyPath: m_LocalEulerAnglesHint.y
      value: 0.93310595
      objectReference: {fileID: 0}
    - target: {fileID: 400086, guid: 51c5fbc026d28124e92a946a985b20a1, type: 3}
      propertyPath: m_LocalEulerAnglesHint.z
      value: 12.976995
      objectReference: {fileID: 0}
    - target: {fileID: 400088, guid: 51c5fbc026d28124e92a946a985b20a1, type: 3}
      propertyPath: m_LocalEulerAnglesHint.x
      value: 0.7629909
      objectReference: {fileID: 0}
    - target: {fileID: 400088, guid: 51c5fbc026d28124e92a946a985b20a1, type: 3}
      propertyPath: m_LocalEulerAnglesHint.y
      value: -97.329865
      objectReference: {fileID: 0}
    - target: {fileID: 400088, guid: 51c5fbc026d28124e92a946a985b20a1, type: 3}
      propertyPath: m_LocalEulerAnglesHint.z
      value: -152.85052
      objectReference: {fileID: 0}
    - target: {fileID: 400090, guid: 51c5fbc026d28124e92a946a985b20a1, type: 3}
      propertyPath: m_LocalRotation.y
      value: -0.62586576
      objectReference: {fileID: 0}
    - target: {fileID: 400090, guid: 51c5fbc026d28124e92a946a985b20a1, type: 3}
      propertyPath: m_LocalRotation.w
      value: 0.6258659
      objectReference: {fileID: 0}
    - target: {fileID: 400090, guid: 51c5fbc026d28124e92a946a985b20a1, type: 3}
      propertyPath: m_LocalEulerAnglesHint.x
      value: 0.0076736435
      objectReference: {fileID: 0}
    - target: {fileID: 400090, guid: 51c5fbc026d28124e92a946a985b20a1, type: 3}
      propertyPath: m_LocalEulerAnglesHint.y
      value: -88.937035
      objectReference: {fileID: 0}
    - target: {fileID: 400090, guid: 51c5fbc026d28124e92a946a985b20a1, type: 3}
      propertyPath: m_LocalEulerAnglesHint.z
      value: 56.40743
      objectReference: {fileID: 0}
    - target: {fileID: 400092, guid: 51c5fbc026d28124e92a946a985b20a1, type: 3}
      propertyPath: m_LocalEulerAnglesHint.x
      value: -0.7676468
      objectReference: {fileID: 0}
    - target: {fileID: 400092, guid: 51c5fbc026d28124e92a946a985b20a1, type: 3}
      propertyPath: m_LocalEulerAnglesHint.y
      value: -0.53752303
      objectReference: {fileID: 0}
    - target: {fileID: 400092, guid: 51c5fbc026d28124e92a946a985b20a1, type: 3}
      propertyPath: m_LocalEulerAnglesHint.z
      value: 33.97289
      objectReference: {fileID: 0}
    - target: {fileID: 400094, guid: 51c5fbc026d28124e92a946a985b20a1, type: 3}
      propertyPath: m_LocalEulerAnglesHint.x
      value: 0.030658893
      objectReference: {fileID: 0}
    - target: {fileID: 400094, guid: 51c5fbc026d28124e92a946a985b20a1, type: 3}
      propertyPath: m_LocalEulerAnglesHint.y
      value: -89.87434
      objectReference: {fileID: 0}
    - target: {fileID: 400094, guid: 51c5fbc026d28124e92a946a985b20a1, type: 3}
      propertyPath: m_LocalEulerAnglesHint.z
      value: 90.376366
      objectReference: {fileID: 0}
    - target: {fileID: 400096, guid: 51c5fbc026d28124e92a946a985b20a1, type: 3}
      propertyPath: m_LocalEulerAnglesHint.x
      value: -0.9365535
      objectReference: {fileID: 0}
    - target: {fileID: 400096, guid: 51c5fbc026d28124e92a946a985b20a1, type: 3}
      propertyPath: m_LocalEulerAnglesHint.y
      value: -0.03216523
      objectReference: {fileID: 0}
    - target: {fileID: 400096, guid: 51c5fbc026d28124e92a946a985b20a1, type: 3}
      propertyPath: m_LocalEulerAnglesHint.z
      value: 13.439684
      objectReference: {fileID: 0}
    - target: {fileID: 400098, guid: 51c5fbc026d28124e92a946a985b20a1, type: 3}
      propertyPath: m_LocalEulerAnglesHint.x
      value: 0.068967685
      objectReference: {fileID: 0}
    - target: {fileID: 400098, guid: 51c5fbc026d28124e92a946a985b20a1, type: 3}
      propertyPath: m_LocalEulerAnglesHint.y
      value: -90.81021
      objectReference: {fileID: 0}
    - target: {fileID: 400098, guid: 51c5fbc026d28124e92a946a985b20a1, type: 3}
      propertyPath: m_LocalEulerAnglesHint.z
      value: 103.81495
      objectReference: {fileID: 0}
    - target: {fileID: 400100, guid: 51c5fbc026d28124e92a946a985b20a1, type: 3}
      propertyPath: m_LocalEulerAnglesHint.x
      value: -0.921309
      objectReference: {fileID: 0}
    - target: {fileID: 400100, guid: 51c5fbc026d28124e92a946a985b20a1, type: 3}
      propertyPath: m_LocalEulerAnglesHint.y
      value: 0.17137775
      objectReference: {fileID: 0}
    - target: {fileID: 400100, guid: 51c5fbc026d28124e92a946a985b20a1, type: 3}
      propertyPath: m_LocalEulerAnglesHint.z
      value: 19.994402
      objectReference: {fileID: 0}
    - target: {fileID: 400102, guid: 51c5fbc026d28124e92a946a985b20a1, type: 3}
      propertyPath: m_LocalRotation.y
      value: -0.35321486
      objectReference: {fileID: 0}
    - target: {fileID: 400102, guid: 51c5fbc026d28124e92a946a985b20a1, type: 3}
      propertyPath: m_LocalRotation.w
      value: 0.353215
      objectReference: {fileID: 0}
    - target: {fileID: 400102, guid: 51c5fbc026d28124e92a946a985b20a1, type: 3}
      propertyPath: m_LocalEulerAnglesHint.x
      value: 0.1225456
      objectReference: {fileID: 0}
    - target: {fileID: 400102, guid: 51c5fbc026d28124e92a946a985b20a1, type: 3}
      propertyPath: m_LocalEulerAnglesHint.y
      value: -91.74579
      objectReference: {fileID: 0}
    - target: {fileID: 400102, guid: 51c5fbc026d28124e92a946a985b20a1, type: 3}
      propertyPath: m_LocalEulerAnglesHint.z
      value: 123.809135
      objectReference: {fileID: 0}
    - target: {fileID: 400104, guid: 51c5fbc026d28124e92a946a985b20a1, type: 3}
      propertyPath: m_LocalEulerAnglesHint.x
      value: -0.8148415
      objectReference: {fileID: 0}
    - target: {fileID: 400104, guid: 51c5fbc026d28124e92a946a985b20a1, type: 3}
      propertyPath: m_LocalEulerAnglesHint.y
      value: 0.46282333
      objectReference: {fileID: 0}
    - target: {fileID: 400104, guid: 51c5fbc026d28124e92a946a985b20a1, type: 3}
      propertyPath: m_LocalEulerAnglesHint.z
      value: 17.731592
      objectReference: {fileID: 0}
    - target: {fileID: 400106, guid: 51c5fbc026d28124e92a946a985b20a1, type: 3}
      propertyPath: m_LocalEulerAnglesHint.x
      value: 0.19139907
      objectReference: {fileID: 0}
    - target: {fileID: 400106, guid: 51c5fbc026d28124e92a946a985b20a1, type: 3}
      propertyPath: m_LocalEulerAnglesHint.y
      value: -92.68035
      objectReference: {fileID: 0}
    - target: {fileID: 400106, guid: 51c5fbc026d28124e92a946a985b20a1, type: 3}
      propertyPath: m_LocalEulerAnglesHint.z
      value: 141.54143
      objectReference: {fileID: 0}
    - target: {fileID: 400108, guid: 51c5fbc026d28124e92a946a985b20a1, type: 3}
      propertyPath: m_LocalEulerAnglesHint.x
      value: -0.6463256
      objectReference: {fileID: 0}
    - target: {fileID: 400108, guid: 51c5fbc026d28124e92a946a985b20a1, type: 3}
      propertyPath: m_LocalEulerAnglesHint.y
      value: 0.6785841
      objectReference: {fileID: 0}
    - target: {fileID: 400108, guid: 51c5fbc026d28124e92a946a985b20a1, type: 3}
      propertyPath: m_LocalEulerAnglesHint.z
      value: 10.906779
      objectReference: {fileID: 0}
    - target: {fileID: 400110, guid: 51c5fbc026d28124e92a946a985b20a1, type: 3}
      propertyPath: m_LocalEulerAnglesHint.x
      value: 0.27547085
      objectReference: {fileID: 0}
    - target: {fileID: 400110, guid: 51c5fbc026d28124e92a946a985b20a1, type: 3}
      propertyPath: m_LocalEulerAnglesHint.y
      value: -93.61371
      objectReference: {fileID: 0}
    - target: {fileID: 400110, guid: 51c5fbc026d28124e92a946a985b20a1, type: 3}
      propertyPath: m_LocalEulerAnglesHint.z
      value: 152.44821
      objectReference: {fileID: 0}
    - target: {fileID: 400112, guid: 51c5fbc026d28124e92a946a985b20a1, type: 3}
      propertyPath: m_LocalEulerAnglesHint.x
      value: -0.51903486
      objectReference: {fileID: 0}
    - target: {fileID: 400112, guid: 51c5fbc026d28124e92a946a985b20a1, type: 3}
      propertyPath: m_LocalEulerAnglesHint.y
      value: 0.7802545
      objectReference: {fileID: 0}
    - target: {fileID: 400112, guid: 51c5fbc026d28124e92a946a985b20a1, type: 3}
      propertyPath: m_LocalEulerAnglesHint.z
      value: 18.232655
      objectReference: {fileID: 0}
    - target: {fileID: 400114, guid: 51c5fbc026d28124e92a946a985b20a1, type: 3}
      propertyPath: m_LocalEulerAnglesHint.x
      value: 0.37471342
      objectReference: {fileID: 0}
    - target: {fileID: 400114, guid: 51c5fbc026d28124e92a946a985b20a1, type: 3}
      propertyPath: m_LocalEulerAnglesHint.y
      value: -94.54556
      objectReference: {fileID: 0}
    - target: {fileID: 400114, guid: 51c5fbc026d28124e92a946a985b20a1, type: 3}
      propertyPath: m_LocalEulerAnglesHint.z
      value: 170.6791
      objectReference: {fileID: 0}
    - target: {fileID: 400116, guid: 51c5fbc026d28124e92a946a985b20a1, type: 3}
      propertyPath: m_LocalEulerAnglesHint.x
      value: -0.26355195
      objectReference: {fileID: 0}
    - target: {fileID: 400116, guid: 51c5fbc026d28124e92a946a985b20a1, type: 3}
      propertyPath: m_LocalEulerAnglesHint.y
      value: 0.8992846
      objectReference: {fileID: 0}
    - target: {fileID: 400116, guid: 51c5fbc026d28124e92a946a985b20a1, type: 3}
      propertyPath: m_LocalEulerAnglesHint.z
      value: 9.97234
      objectReference: {fileID: 0}
    - target: {fileID: 400118, guid: 51c5fbc026d28124e92a946a985b20a1, type: 3}
      propertyPath: m_LocalEulerAnglesHint.x
      value: 0.48908424
      objectReference: {fileID: 0}
    - target: {fileID: 400118, guid: 51c5fbc026d28124e92a946a985b20a1, type: 3}
      propertyPath: m_LocalEulerAnglesHint.y
      value: -95.475685
      objectReference: {fileID: 0}
    - target: {fileID: 400118, guid: 51c5fbc026d28124e92a946a985b20a1, type: 3}
      propertyPath: m_LocalEulerAnglesHint.z
      value: -179.35364
      objectReference: {fileID: 0}
    - target: {fileID: 400120, guid: 51c5fbc026d28124e92a946a985b20a1, type: 3}
      propertyPath: m_LocalEulerAnglesHint.x
      value: -0.11903882
      objectReference: {fileID: 0}
    - target: {fileID: 400120, guid: 51c5fbc026d28124e92a946a985b20a1, type: 3}
      propertyPath: m_LocalEulerAnglesHint.y
      value: 0.9295318
      objectReference: {fileID: 0}
    - target: {fileID: 400120, guid: 51c5fbc026d28124e92a946a985b20a1, type: 3}
      propertyPath: m_LocalEulerAnglesHint.z
      value: 13.5459175
      objectReference: {fileID: 0}
    - target: {fileID: 400122, guid: 51c5fbc026d28124e92a946a985b20a1, type: 3}
      propertyPath: m_LocalEulerAnglesHint.x
      value: 0.6185347
      objectReference: {fileID: 0}
    - target: {fileID: 400122, guid: 51c5fbc026d28124e92a946a985b20a1, type: 3}
      propertyPath: m_LocalEulerAnglesHint.y
      value: -96.40387
      objectReference: {fileID: 0}
    - target: {fileID: 400122, guid: 51c5fbc026d28124e92a946a985b20a1, type: 3}
      propertyPath: m_LocalEulerAnglesHint.z
      value: -165.81561
      objectReference: {fileID: 0}
    - target: {fileID: 9500000, guid: 51c5fbc026d28124e92a946a985b20a1, type: 3}
      propertyPath: m_Controller
      value: 
      objectReference: {fileID: 9100000, guid: 69847f322471b4649bd5cff7c6bb80df, type: 2}
    - target: {fileID: 13700000, guid: 51c5fbc026d28124e92a946a985b20a1, type: 3}
      propertyPath: m_Materials.Array.data[0]
      value: 
      objectReference: {fileID: 2100000, guid: 818161e05bb0a7e4f875a1c644cf0018, type: 2}
    m_RemovedComponents: []
  m_SourcePrefab: {fileID: 100100000, guid: 51c5fbc026d28124e92a946a985b20a1, type: 3}
--- !u!4 &7262228982831400212 stripped
Transform:
  m_CorrespondingSourceObject: {fileID: 400004, guid: 51c5fbc026d28124e92a946a985b20a1,
    type: 3}
  m_PrefabInstance: {fileID: 7262228982831013776}
  m_PrefabAsset: {fileID: 0}
--- !u!95 &7262228982838373104 stripped
Animator:
  m_CorrespondingSourceObject: {fileID: 9500000, guid: 51c5fbc026d28124e92a946a985b20a1,
    type: 3}
  m_PrefabInstance: {fileID: 7262228982831013776}
  m_PrefabAsset: {fileID: 0}
--- !u!1001 &7869691302197982201
PrefabInstance:
  m_ObjectHideFlags: 0
  serializedVersion: 2
  m_Modification:
    m_TransformParent: {fileID: 7456701124938437869}
    m_Modifications:
    - target: {fileID: 119968, guid: 915a6c775b025984fac4e0bec48690e9, type: 3}
      propertyPath: m_Name
      value: GenericDeath
      objectReference: {fileID: 0}
    - target: {fileID: 428504, guid: 915a6c775b025984fac4e0bec48690e9, type: 3}
      propertyPath: m_LocalPosition.x
      value: 0
      objectReference: {fileID: 0}
    - target: {fileID: 428504, guid: 915a6c775b025984fac4e0bec48690e9, type: 3}
      propertyPath: m_LocalPosition.y
      value: 0.926
      objectReference: {fileID: 0}
    - target: {fileID: 428504, guid: 915a6c775b025984fac4e0bec48690e9, type: 3}
      propertyPath: m_LocalPosition.z
      value: 0
      objectReference: {fileID: 0}
    - target: {fileID: 428504, guid: 915a6c775b025984fac4e0bec48690e9, type: 3}
      propertyPath: m_LocalRotation.x
      value: -0.7071068
      objectReference: {fileID: 0}
    - target: {fileID: 428504, guid: 915a6c775b025984fac4e0bec48690e9, type: 3}
      propertyPath: m_LocalRotation.y
      value: 0
      objectReference: {fileID: 0}
    - target: {fileID: 428504, guid: 915a6c775b025984fac4e0bec48690e9, type: 3}
      propertyPath: m_LocalRotation.z
      value: 0
      objectReference: {fileID: 0}
    - target: {fileID: 428504, guid: 915a6c775b025984fac4e0bec48690e9, type: 3}
      propertyPath: m_LocalRotation.w
      value: 0.7071068
      objectReference: {fileID: 0}
    - target: {fileID: 428504, guid: 915a6c775b025984fac4e0bec48690e9, type: 3}
      propertyPath: m_RootOrder
      value: 0
      objectReference: {fileID: 0}
    - target: {fileID: 428504, guid: 915a6c775b025984fac4e0bec48690e9, type: 3}
      propertyPath: m_LocalEulerAnglesHint.x
      value: -90
      objectReference: {fileID: 0}
    - target: {fileID: 428504, guid: 915a6c775b025984fac4e0bec48690e9, type: 3}
      propertyPath: m_LocalEulerAnglesHint.y
      value: 0
      objectReference: {fileID: 0}
    - target: {fileID: 428504, guid: 915a6c775b025984fac4e0bec48690e9, type: 3}
      propertyPath: m_LocalEulerAnglesHint.z
      value: 0
      objectReference: {fileID: 0}
    m_RemovedComponents: []
  m_SourcePrefab: {fileID: 100100000, guid: 915a6c775b025984fac4e0bec48690e9, type: 3}
--- !u!198 &7869691302178429319 stripped
ParticleSystem:
  m_CorrespondingSourceObject: {fileID: 19819134, guid: 915a6c775b025984fac4e0bec48690e9,
    type: 3}
  m_PrefabInstance: {fileID: 7869691302197982201}
  m_PrefabAsset: {fileID: 0}
--- !u!4 &7869691302197819937 stripped
Transform:
  m_CorrespondingSourceObject: {fileID: 428504, guid: 915a6c775b025984fac4e0bec48690e9,
    type: 3}
  m_PrefabInstance: {fileID: 7869691302197982201}
  m_PrefabAsset: {fileID: 0}
--- !u!1001 &8967558379124022007
PrefabInstance:
  m_ObjectHideFlags: 0
  serializedVersion: 2
  m_Modification:
    m_TransformParent: {fileID: 7456701124938437869}
    m_Modifications:
    - target: {fileID: 145172, guid: dbc886d3433d6aa4786fa9807aed6a71, type: 3}
      propertyPath: m_Name
      value: BulletMuzzleBlue
      objectReference: {fileID: 0}
    - target: {fileID: 418974, guid: dbc886d3433d6aa4786fa9807aed6a71, type: 3}
      propertyPath: m_LocalPosition.x
      value: 0
      objectReference: {fileID: 0}
    - target: {fileID: 418974, guid: dbc886d3433d6aa4786fa9807aed6a71, type: 3}
      propertyPath: m_LocalPosition.y
      value: 1.32
      objectReference: {fileID: 0}
    - target: {fileID: 418974, guid: dbc886d3433d6aa4786fa9807aed6a71, type: 3}
      propertyPath: m_LocalPosition.z
      value: 0
      objectReference: {fileID: 0}
    - target: {fileID: 418974, guid: dbc886d3433d6aa4786fa9807aed6a71, type: 3}
      propertyPath: m_LocalRotation.x
      value: -0.7071068
      objectReference: {fileID: 0}
    - target: {fileID: 418974, guid: dbc886d3433d6aa4786fa9807aed6a71, type: 3}
      propertyPath: m_LocalRotation.y
      value: 0
      objectReference: {fileID: 0}
    - target: {fileID: 418974, guid: dbc886d3433d6aa4786fa9807aed6a71, type: 3}
      propertyPath: m_LocalRotation.z
      value: 0
      objectReference: {fileID: 0}
    - target: {fileID: 418974, guid: dbc886d3433d6aa4786fa9807aed6a71, type: 3}
      propertyPath: m_LocalRotation.w
      value: 0.7071068
      objectReference: {fileID: 0}
    - target: {fileID: 418974, guid: dbc886d3433d6aa4786fa9807aed6a71, type: 3}
      propertyPath: m_RootOrder
      value: 1
      objectReference: {fileID: 0}
    - target: {fileID: 418974, guid: dbc886d3433d6aa4786fa9807aed6a71, type: 3}
      propertyPath: m_LocalEulerAnglesHint.x
      value: -90
      objectReference: {fileID: 0}
    - target: {fileID: 418974, guid: dbc886d3433d6aa4786fa9807aed6a71, type: 3}
      propertyPath: m_LocalEulerAnglesHint.y
      value: 0
      objectReference: {fileID: 0}
    - target: {fileID: 418974, guid: dbc886d3433d6aa4786fa9807aed6a71, type: 3}
      propertyPath: m_LocalEulerAnglesHint.z
      value: 0
      objectReference: {fileID: 0}
    m_RemovedComponents: []
  m_SourcePrefab: {fileID: 100100000, guid: dbc886d3433d6aa4786fa9807aed6a71, type: 3}
--- !u!4 &8967558379124145769 stripped
Transform:
  m_CorrespondingSourceObject: {fileID: 418974, guid: dbc886d3433d6aa4786fa9807aed6a71,
    type: 3}
  m_PrefabInstance: {fileID: 8967558379124022007}
  m_PrefabAsset: {fileID: 0}
--- !u!198 &8967558379143484609 stripped
ParticleSystem:
  m_CorrespondingSourceObject: {fileID: 19861046, guid: dbc886d3433d6aa4786fa9807aed6a71,
    type: 3}
  m_PrefabInstance: {fileID: 8967558379124022007}
  m_PrefabAsset: {fileID: 0}
