%YAML 1.1
%TAG !u! tag:unity3d.com,2011:
--- !u!1 &2559320783076913148
GameObject:
  m_ObjectHideFlags: 0
  m_CorrespondingSourceObject: {fileID: 0}
  m_PrefabInstance: {fileID: 0}
  m_PrefabAsset: {fileID: 0}
  serializedVersion: 6
  m_Component:
  - component: {fileID: 6935427266994644238}
  - component: {fileID: 1261278821056190116}
  m_Layer: 0
  m_Name: VFX
  m_TagString: Untagged
  m_Icon: {fileID: 0}
  m_NavMeshLayer: 0
  m_StaticEditorFlags: 0
  m_IsActive: 1
--- !u!4 &6935427266994644238
Transform:
  m_ObjectHideFlags: 0
  m_CorrespondingSourceObject: {fileID: 0}
  m_PrefabInstance: {fileID: 0}
  m_PrefabAsset: {fileID: 0}
  m_GameObject: {fileID: 2559320783076913148}
  m_LocalRotation: {x: -0, y: -0, z: -0, w: 1}
  m_LocalPosition: {x: 0, y: 0, z: 0}
  m_LocalScale: {x: 1, y: 1, z: 1}
  m_Children:
  - {fileID: 8218822248399461593}
  - {fileID: 7158187983478718651}
  m_Father: {fileID: 2869952636615049432}
  m_RootOrder: 4
  m_LocalEulerAnglesHint: {x: 0, y: 0, z: 0}
--- !u!114 &1261278821056190116
MonoBehaviour:
  m_ObjectHideFlags: 0
  m_CorrespondingSourceObject: {fileID: 0}
  m_PrefabInstance: {fileID: 0}
  m_PrefabAsset: {fileID: 0}
  m_GameObject: {fileID: 2559320783076913148}
  m_Enabled: 1
  m_EditorHideFlags: 0
  m_Script: {fileID: 11500000, guid: 541ae3d978867e44ea1168afd9f347ea, type: 3}
  m_Name: 
  m_EditorClassIdentifier: 
  Heal: {fileID: 0}
  DamageTaken: {fileID: 7158187983492966931}
  DamageTakenFromThorn: {fileID: 0}
  Death: {fileID: 8218822248380088191}
  Shot: {fileID: 0}
--- !u!1 &2869952636615049436
GameObject:
  m_ObjectHideFlags: 0
  m_CorrespondingSourceObject: {fileID: 0}
  m_PrefabInstance: {fileID: 0}
  m_PrefabAsset: {fileID: 0}
  serializedVersion: 6
  m_Component:
  - component: {fileID: 2869952636615049432}
  - component: {fileID: -6319399603386373210}
  - component: {fileID: 4927953250802138285}
  - component: {fileID: 9090647696646867704}
  - component: {fileID: 6703422075276642040}
  - component: {fileID: 8805121457974488258}
  - component: {fileID: 2869952636615049435}
  - component: {fileID: -6134143988970488194}
  - component: {fileID: 4564814443774633871}
  m_Layer: 0
  m_Name: AlienMagantis
  m_TagString: Untagged
  m_Icon: {fileID: 0}
  m_NavMeshLayer: 0
  m_StaticEditorFlags: 0
  m_IsActive: 1
--- !u!4 &2869952636615049432
Transform:
  m_ObjectHideFlags: 0
  m_CorrespondingSourceObject: {fileID: 0}
  m_PrefabInstance: {fileID: 0}
  m_PrefabAsset: {fileID: 0}
  m_GameObject: {fileID: 2869952636615049436}
  m_LocalRotation: {x: 0, y: 0, z: 0, w: 1}
  m_LocalPosition: {x: 0, y: 0, z: 0}
  m_LocalScale: {x: 1, y: 1, z: 1}
  m_Children:
  - {fileID: 8147276156324487802}
  - {fileID: 4270410292796469845}
  - {fileID: 9175078800263817128}
  - {fileID: 256700076340540216}
  - {fileID: 6935427266994644238}
  - {fileID: 2261517166547357360}
  m_Father: {fileID: 0}
  m_RootOrder: 0
  m_LocalEulerAnglesHint: {x: 0, y: 0, z: 0}
--- !u!114 &-6319399603386373210
MonoBehaviour:
  m_ObjectHideFlags: 0
  m_CorrespondingSourceObject: {fileID: 0}
  m_PrefabInstance: {fileID: 0}
  m_PrefabAsset: {fileID: 0}
  m_GameObject: {fileID: 2869952636615049436}
  m_Enabled: 1
  m_EditorHideFlags: 0
  m_Script: {fileID: 11500000, guid: ed66f3f49475b45068fd72d35b710e6d, type: 3}
  m_Name: 
  m_EditorClassIdentifier: 
  prefabName: Walking
  DamagePoint: {fileID: 2869952636724137098}
  Health: 1500
  MaxHealth: 1500
  healthBar: {fileID: 3631216284776328403}
  vFXManager: {fileID: 1261278821056190116}
  animation: {fileID: 4564814443774633871}
  isPlayer: 0
  enemyID: 0
--- !u!114 &4927953250802138285
MonoBehaviour:
  m_ObjectHideFlags: 0
  m_CorrespondingSourceObject: {fileID: 0}
  m_PrefabInstance: {fileID: 0}
  m_PrefabAsset: {fileID: 0}
  m_GameObject: {fileID: 2869952636615049436}
  m_Enabled: 1
  m_EditorHideFlags: 0
  m_Script: {fileID: 11500000, guid: 474aa26b62a2a4cdab246f7544a68bcf, type: 3}
  m_Name: 
  m_EditorClassIdentifier: 
  parameters:
    movementDisplacement: 1
    sleepTime: 2
  mask:
    serializedVersion: 2
    m_Bits: 256
  navMeshAgent: {fileID: 0}
--- !u!114 &9090647696646867704
MonoBehaviour:
  m_ObjectHideFlags: 0
  m_CorrespondingSourceObject: {fileID: 0}
  m_PrefabInstance: {fileID: 0}
  m_PrefabAsset: {fileID: 0}
  m_GameObject: {fileID: 2869952636615049436}
  m_Enabled: 1
  m_EditorHideFlags: 0
  m_Script: {fileID: 11500000, guid: 6ac5c14573feb4baabb1b02be8090d24, type: 3}
  m_Name: 
  m_EditorClassIdentifier: 
  parameters:
    health: 10
    damage: 2
--- !u!114 &6703422075276642040
MonoBehaviour:
  m_ObjectHideFlags: 0
  m_CorrespondingSourceObject: {fileID: 0}
  m_PrefabInstance: {fileID: 0}
  m_PrefabAsset: {fileID: 0}
  m_GameObject: {fileID: 2869952636615049436}
  m_Enabled: 1
  m_EditorHideFlags: 0
  m_Script: {fileID: 11500000, guid: a9acc856c156148ce9b612a80ad37029, type: 3}
  m_Name: 
  m_EditorClassIdentifier: 
  parameters:
    movementSpeed: 1
    position: {x: 0, y: 0, z: 0}
    rotation: {x: 0, y: 0, z: 0, w: 0}
--- !u!114 &8805121457974488258
MonoBehaviour:
  m_ObjectHideFlags: 0
  m_CorrespondingSourceObject: {fileID: 0}
  m_PrefabInstance: {fileID: 0}
  m_PrefabAsset: {fileID: 0}
  m_GameObject: {fileID: 2869952636615049436}
  m_Enabled: 1
  m_EditorHideFlags: 0
  m_Script: {fileID: 11500000, guid: 0e8d5af5ff6b74e4ea50194245b482e9, type: 3}
  m_Name: 
  m_EditorClassIdentifier: 
  parameters:
    shotFrequency: 1
  arms: {fileID: 4999447817744552561, guid: 159b8e2cb7fea1c44b4153427a2b9fdd, type: 3}
  shotPoint: {fileID: 4270410292796469845}
  Damage: 0
--- !u!54 &2869952636615049435
Rigidbody:
  m_ObjectHideFlags: 0
  m_CorrespondingSourceObject: {fileID: 0}
  m_PrefabInstance: {fileID: 0}
  m_PrefabAsset: {fileID: 0}
  m_GameObject: {fileID: 2869952636615049436}
  serializedVersion: 2
  m_Mass: 1
  m_Drag: 0
  m_AngularDrag: Infinity
  m_UseGravity: 0
  m_IsKinematic: 0
  m_Interpolate: 0
  m_Constraints: 84
  m_CollisionDetection: 0
--- !u!195 &-6134143988970488194
NavMeshAgent:
  m_ObjectHideFlags: 0
  m_CorrespondingSourceObject: {fileID: 0}
  m_PrefabInstance: {fileID: 0}
  m_PrefabAsset: {fileID: 0}
  m_GameObject: {fileID: 2869952636615049436}
  m_Enabled: 1
  m_AgentTypeID: 0
  m_Radius: 0.52
  m_Speed: 1
  m_Acceleration: 8
  avoidancePriority: 50
  m_AngularSpeed: 120
  m_StoppingDistance: 1
  m_AutoTraverseOffMeshLink: 1
  m_AutoBraking: 1
  m_AutoRepath: 1
  m_Height: 1
  m_BaseOffset: 0
  m_WalkableMask: 4294967295
  m_ObstacleAvoidanceType: 4
--- !u!114 &4564814443774633871
MonoBehaviour:
  m_ObjectHideFlags: 0
  m_CorrespondingSourceObject: {fileID: 0}
  m_PrefabInstance: {fileID: 0}
  m_PrefabAsset: {fileID: 0}
  m_GameObject: {fileID: 2869952636615049436}
  m_Enabled: 1
  m_EditorHideFlags: 0
  m_Script: {fileID: 11500000, guid: c4f7adbb3a4f112428a84569ec493708, type: 3}
  m_Name: 
  m_EditorClassIdentifier: 
  ForwardAnimationParameter: Walk Forward Fast
  DieAnimationParameter: Die
  AttackAnimationParametet: Spawn bug from mouth
  animator: {fileID: 9175078800254814280}
--- !u!1 &2869952636724137099
GameObject:
  m_ObjectHideFlags: 0
  m_CorrespondingSourceObject: {fileID: 0}
  m_PrefabInstance: {fileID: 0}
  m_PrefabAsset: {fileID: 0}
  serializedVersion: 6
  m_Component:
  - component: {fileID: 2869952636724137098}
  - component: {fileID: 2869952636724137092}
  - component: {fileID: 2869952636724137093}
  m_Layer: 0
  m_Name: Capsule
  m_TagString: Untagged
  m_Icon: {fileID: 0}
  m_NavMeshLayer: 0
  m_StaticEditorFlags: 0
  m_IsActive: 1
--- !u!4 &2869952636724137098
Transform:
  m_ObjectHideFlags: 0
  m_CorrespondingSourceObject: {fileID: 0}
  m_PrefabInstance: {fileID: 0}
  m_PrefabAsset: {fileID: 0}
  m_GameObject: {fileID: 2869952636724137099}
  m_LocalRotation: {x: -0, y: -0, z: -0, w: 1}
  m_LocalPosition: {x: 0, y: 1, z: 0}
  m_LocalScale: {x: 1, y: 1, z: 1}
  m_Children: []
  m_Father: {fileID: 8147276156324487802}
  m_RootOrder: 0
  m_LocalEulerAnglesHint: {x: 0, y: 0, z: 0}
--- !u!33 &2869952636724137092
MeshFilter:
  m_ObjectHideFlags: 0
  m_CorrespondingSourceObject: {fileID: 0}
  m_PrefabInstance: {fileID: 0}
  m_PrefabAsset: {fileID: 0}
  m_GameObject: {fileID: 2869952636724137099}
  m_Mesh: {fileID: 10208, guid: 0000000000000000e000000000000000, type: 0}
--- !u!23 &2869952636724137093
MeshRenderer:
  m_ObjectHideFlags: 0
  m_CorrespondingSourceObject: {fileID: 0}
  m_PrefabInstance: {fileID: 0}
  m_PrefabAsset: {fileID: 0}
  m_GameObject: {fileID: 2869952636724137099}
  m_Enabled: 1
  m_CastShadows: 1
  m_ReceiveShadows: 0
  m_DynamicOccludee: 0
  m_MotionVectors: 1
  m_LightProbeUsage: 1
  m_ReflectionProbeUsage: 1
  m_RayTracingMode: 2
  m_RenderingLayerMask: 1
  m_RendererPriority: 0
  m_Materials:
  - {fileID: 2100000, guid: 4bd2e083839f3433cae1be85a50274a0, type: 2}
  m_StaticBatchInfo:
    firstSubMesh: 0
    subMeshCount: 0
  m_StaticBatchRoot: {fileID: 0}
  m_ProbeAnchor: {fileID: 0}
  m_LightProbeVolumeOverride: {fileID: 0}
  m_ScaleInLightmap: 1
  m_ReceiveGI: 1
  m_PreserveUVs: 0
  m_IgnoreNormalsForChartDetection: 0
  m_ImportantGI: 0
  m_StitchLightmapSeams: 1
  m_SelectedEditorRenderState: 3
  m_MinimumChartSize: 4
  m_AutoUVMaxDistance: 0.5
  m_AutoUVMaxAngle: 89
  m_LightmapParameters: {fileID: 0}
  m_SortingLayerID: 0
  m_SortingLayer: 0
  m_SortingOrder: 0
--- !u!1 &3209960969939172366
GameObject:
  m_ObjectHideFlags: 0
  m_CorrespondingSourceObject: {fileID: 0}
  m_PrefabInstance: {fileID: 0}
  m_PrefabAsset: {fileID: 0}
  serializedVersion: 6
  m_Component:
  - component: {fileID: 4270410292796469845}
  m_Layer: 0
  m_Name: ShotPoint
  m_TagString: Untagged
  m_Icon: {fileID: 0}
  m_NavMeshLayer: 0
  m_StaticEditorFlags: 0
  m_IsActive: 1
--- !u!4 &4270410292796469845
Transform:
  m_ObjectHideFlags: 0
  m_CorrespondingSourceObject: {fileID: 0}
  m_PrefabInstance: {fileID: 0}
  m_PrefabAsset: {fileID: 0}
  m_GameObject: {fileID: 3209960969939172366}
  m_LocalRotation: {x: -0, y: -0, z: -0, w: 1}
  m_LocalPosition: {x: 0, y: 0.751, z: 0.742}
  m_LocalScale: {x: 1, y: 1, z: 1}
  m_Children: []
  m_Father: {fileID: 2869952636615049432}
  m_RootOrder: 1
  m_LocalEulerAnglesHint: {x: 0, y: 0, z: 0}
--- !u!1 &4725977084508588648
GameObject:
  m_ObjectHideFlags: 0
  m_CorrespondingSourceObject: {fileID: 0}
  m_PrefabInstance: {fileID: 0}
  m_PrefabAsset: {fileID: 0}
  serializedVersion: 6
  m_Component:
  - component: {fileID: 1160836986396356259}
  - component: {fileID: 7203485004544606052}
  - component: {fileID: 8263356512314971453}
  m_Layer: 0
  m_Name: Bow
  m_TagString: Untagged
  m_Icon: {fileID: 0}
  m_NavMeshLayer: 0
  m_StaticEditorFlags: 0
  m_IsActive: 1
--- !u!4 &1160836986396356259
Transform:
  m_ObjectHideFlags: 0
  m_CorrespondingSourceObject: {fileID: 0}
  m_PrefabInstance: {fileID: 0}
  m_PrefabAsset: {fileID: 0}
  m_GameObject: {fileID: 4725977084508588648}
  m_LocalRotation: {x: -0, y: -0, z: 0.83261275, w: 0.5538557}
  m_LocalPosition: {x: 0, y: 1, z: 1}
  m_LocalScale: {x: 0.2000005, y: 0.50000125, z: 0.2}
  m_Children: []
  m_Father: {fileID: 8147276156324487802}
  m_RootOrder: 1
  m_LocalEulerAnglesHint: {x: 0, y: 0, z: 112.73601}
--- !u!33 &7203485004544606052
MeshFilter:
  m_ObjectHideFlags: 0
  m_CorrespondingSourceObject: {fileID: 0}
  m_PrefabInstance: {fileID: 0}
  m_PrefabAsset: {fileID: 0}
  m_GameObject: {fileID: 4725977084508588648}
  m_Mesh: {fileID: 10206, guid: 0000000000000000e000000000000000, type: 0}
--- !u!23 &8263356512314971453
MeshRenderer:
  m_ObjectHideFlags: 0
  m_CorrespondingSourceObject: {fileID: 0}
  m_PrefabInstance: {fileID: 0}
  m_PrefabAsset: {fileID: 0}
  m_GameObject: {fileID: 4725977084508588648}
  m_Enabled: 1
  m_CastShadows: 0
  m_ReceiveShadows: 0
  m_DynamicOccludee: 0
  m_MotionVectors: 1
  m_LightProbeUsage: 1
  m_ReflectionProbeUsage: 1
  m_RayTracingMode: 2
  m_RenderingLayerMask: 1
  m_RendererPriority: 0
  m_Materials:
  - {fileID: 2100000, guid: 56c45adc4ef684eab8fe17812cc38652, type: 2}
  m_StaticBatchInfo:
    firstSubMesh: 0
    subMeshCount: 0
  m_StaticBatchRoot: {fileID: 0}
  m_ProbeAnchor: {fileID: 0}
  m_LightProbeVolumeOverride: {fileID: 0}
  m_ScaleInLightmap: 1
  m_ReceiveGI: 1
  m_PreserveUVs: 0
  m_IgnoreNormalsForChartDetection: 0
  m_ImportantGI: 0
  m_StitchLightmapSeams: 1
  m_SelectedEditorRenderState: 3
  m_MinimumChartSize: 4
  m_AutoUVMaxDistance: 0.5
  m_AutoUVMaxAngle: 89
  m_LightmapParameters: {fileID: 0}
  m_SortingLayerID: 0
  m_SortingLayer: 0
  m_SortingOrder: 0
--- !u!1 &6089334559814064413
GameObject:
  m_ObjectHideFlags: 0
  m_CorrespondingSourceObject: {fileID: 0}
  m_PrefabInstance: {fileID: 0}
  m_PrefabAsset: {fileID: 0}
  serializedVersion: 6
  m_Component:
  - component: {fileID: 256700076340540216}
  - component: {fileID: 6896617248559901792}
  m_Layer: 9
  m_Name: GameObject
  m_TagString: Untagged
  m_Icon: {fileID: 0}
  m_NavMeshLayer: 0
  m_StaticEditorFlags: 0
  m_IsActive: 1
--- !u!4 &256700076340540216
Transform:
  m_ObjectHideFlags: 0
  m_CorrespondingSourceObject: {fileID: 0}
  m_PrefabInstance: {fileID: 0}
  m_PrefabAsset: {fileID: 0}
  m_GameObject: {fileID: 6089334559814064413}
  m_LocalRotation: {x: -0, y: -0, z: -0, w: 1}
  m_LocalPosition: {x: 0, y: 0, z: 0}
  m_LocalScale: {x: 1, y: 1, z: 1}
  m_Children: []
  m_Father: {fileID: 2869952636615049432}
  m_RootOrder: 3
  m_LocalEulerAnglesHint: {x: 0, y: 0, z: 0}
--- !u!65 &6896617248559901792
BoxCollider:
  m_ObjectHideFlags: 0
  m_CorrespondingSourceObject: {fileID: 0}
  m_PrefabInstance: {fileID: 0}
  m_PrefabAsset: {fileID: 0}
  m_GameObject: {fileID: 6089334559814064413}
  m_Material: {fileID: 0}
  m_IsTrigger: 0
  m_Enabled: 1
  serializedVersion: 2
  m_Size: {x: 0.8923873, y: 0.8807516, z: 1.6335975}
  m_Center: {x: 0.0072026104, y: 0.61599755, z: -0.023040712}
--- !u!1 &6815603807274058737
GameObject:
  m_ObjectHideFlags: 0
  m_CorrespondingSourceObject: {fileID: 0}
  m_PrefabInstance: {fileID: 0}
  m_PrefabAsset: {fileID: 0}
  serializedVersion: 6
  m_Component:
  - component: {fileID: 8671212696214701416}
  - component: {fileID: 776565703966549388}
  - component: {fileID: 5837558865334333660}
  m_Layer: 0
  m_Name: Glasses
  m_TagString: Untagged
  m_Icon: {fileID: 0}
  m_NavMeshLayer: 0
  m_StaticEditorFlags: 0
  m_IsActive: 1
--- !u!4 &8671212696214701416
Transform:
  m_ObjectHideFlags: 0
  m_CorrespondingSourceObject: {fileID: 0}
  m_PrefabInstance: {fileID: 0}
  m_PrefabAsset: {fileID: 0}
  m_GameObject: {fileID: 6815603807274058737}
  m_LocalRotation: {x: -0, y: -0, z: 0.7071068, w: 0.7071068}
  m_LocalPosition: {x: 0, y: 1.441, z: 0.31199998}
  m_LocalScale: {x: 0.43140978, y: 0.43140978, z: 0.43140906}
  m_Children: []
  m_Father: {fileID: 8147276156324487802}
  m_RootOrder: 2
  m_LocalEulerAnglesHint: {x: 0, y: 0, z: 90}
--- !u!33 &776565703966549388
MeshFilter:
  m_ObjectHideFlags: 0
  m_CorrespondingSourceObject: {fileID: 0}
  m_PrefabInstance: {fileID: 0}
  m_PrefabAsset: {fileID: 0}
  m_GameObject: {fileID: 6815603807274058737}
  m_Mesh: {fileID: 10208, guid: 0000000000000000e000000000000000, type: 0}
--- !u!23 &5837558865334333660
MeshRenderer:
  m_ObjectHideFlags: 0
  m_CorrespondingSourceObject: {fileID: 0}
  m_PrefabInstance: {fileID: 0}
  m_PrefabAsset: {fileID: 0}
  m_GameObject: {fileID: 6815603807274058737}
  m_Enabled: 1
  m_CastShadows: 0
  m_ReceiveShadows: 0
  m_DynamicOccludee: 0
  m_MotionVectors: 1
  m_LightProbeUsage: 1
  m_ReflectionProbeUsage: 1
  m_RayTracingMode: 2
  m_RenderingLayerMask: 1
  m_RendererPriority: 0
  m_Materials:
  - {fileID: 2100000, guid: 39c17ef02d7984b16941fb4f35556b8d, type: 2}
  m_StaticBatchInfo:
    firstSubMesh: 0
    subMeshCount: 0
  m_StaticBatchRoot: {fileID: 0}
  m_ProbeAnchor: {fileID: 0}
  m_LightProbeVolumeOverride: {fileID: 0}
  m_ScaleInLightmap: 1
  m_ReceiveGI: 1
  m_PreserveUVs: 0
  m_IgnoreNormalsForChartDetection: 0
  m_ImportantGI: 0
  m_StitchLightmapSeams: 1
  m_SelectedEditorRenderState: 3
  m_MinimumChartSize: 4
  m_AutoUVMaxDistance: 0.5
  m_AutoUVMaxAngle: 89
  m_LightmapParameters: {fileID: 0}
  m_SortingLayerID: 0
  m_SortingLayer: 0
  m_SortingOrder: 0
--- !u!1 &9078295191602449567
GameObject:
  m_ObjectHideFlags: 0
  m_CorrespondingSourceObject: {fileID: 0}
  m_PrefabInstance: {fileID: 0}
  m_PrefabAsset: {fileID: 0}
  serializedVersion: 6
  m_Component:
  - component: {fileID: 8147276156324487802}
  - component: {fileID: 2347616371248325083}
  m_Layer: 9
  m_Name: Size
  m_TagString: Untagged
  m_Icon: {fileID: 0}
  m_NavMeshLayer: 0
  m_StaticEditorFlags: 0
  m_IsActive: 0
--- !u!4 &8147276156324487802
Transform:
  m_ObjectHideFlags: 0
  m_CorrespondingSourceObject: {fileID: 0}
  m_PrefabInstance: {fileID: 0}
  m_PrefabAsset: {fileID: 0}
  m_GameObject: {fileID: 9078295191602449567}
  m_LocalRotation: {x: 0, y: 0, z: 0, w: 1}
  m_LocalPosition: {x: 0, y: 0, z: 0}
  m_LocalScale: {x: 0.7, y: 0.7, z: 0.7}
  m_Children:
  - {fileID: 2869952636724137098}
  - {fileID: 1160836986396356259}
  - {fileID: 8671212696214701416}
  m_Father: {fileID: 2869952636615049432}
  m_RootOrder: 0
  m_LocalEulerAnglesHint: {x: 0, y: 0, z: 0}
--- !u!136 &2347616371248325083
CapsuleCollider:
  m_ObjectHideFlags: 0
  m_CorrespondingSourceObject: {fileID: 0}
  m_PrefabInstance: {fileID: 0}
  m_PrefabAsset: {fileID: 0}
  m_GameObject: {fileID: 9078295191602449567}
  m_Material: {fileID: 0}
  m_IsTrigger: 0
  m_Enabled: 1
  m_Radius: 0.5
  m_Height: 2
  m_Direction: 1
  m_Center: {x: 0, y: 1, z: 0}
--- !u!1001 &4362031296796104784
PrefabInstance:
  m_ObjectHideFlags: 0
  serializedVersion: 2
  m_Modification:
    m_TransformParent: {fileID: 2869952636615049432}
    m_Modifications:
    - target: {fileID: 1075700203125732483, guid: 25b4d61151208c1458c9fd6eccfe2726,
        type: 3}
      propertyPath: damageText
      value: 
      objectReference: {fileID: 1512531010208079301}
    - target: {fileID: 2237608192215519650, guid: 25b4d61151208c1458c9fd6eccfe2726,
        type: 3}
      propertyPath: m_Name
      value: Canvas
      objectReference: {fileID: 0}
    - target: {fileID: 2588313851353880288, guid: 25b4d61151208c1458c9fd6eccfe2726,
        type: 3}
      propertyPath: m_LocalPosition.x
      value: 0
      objectReference: {fileID: 0}
    - target: {fileID: 2588313851353880288, guid: 25b4d61151208c1458c9fd6eccfe2726,
        type: 3}
      propertyPath: m_LocalPosition.y
      value: 0
      objectReference: {fileID: 0}
    - target: {fileID: 2588313851353880288, guid: 25b4d61151208c1458c9fd6eccfe2726,
        type: 3}
      propertyPath: m_LocalPosition.z
      value: 0
      objectReference: {fileID: 0}
    - target: {fileID: 2588313851353880288, guid: 25b4d61151208c1458c9fd6eccfe2726,
        type: 3}
      propertyPath: m_LocalRotation.x
      value: 0
      objectReference: {fileID: 0}
    - target: {fileID: 2588313851353880288, guid: 25b4d61151208c1458c9fd6eccfe2726,
        type: 3}
      propertyPath: m_LocalRotation.y
      value: 0
      objectReference: {fileID: 0}
    - target: {fileID: 2588313851353880288, guid: 25b4d61151208c1458c9fd6eccfe2726,
        type: 3}
      propertyPath: m_LocalRotation.z
      value: 0
      objectReference: {fileID: 0}
    - target: {fileID: 2588313851353880288, guid: 25b4d61151208c1458c9fd6eccfe2726,
        type: 3}
      propertyPath: m_LocalRotation.w
      value: 1
      objectReference: {fileID: 0}
    - target: {fileID: 2588313851353880288, guid: 25b4d61151208c1458c9fd6eccfe2726,
        type: 3}
      propertyPath: m_RootOrder
      value: 5
      objectReference: {fileID: 0}
    - target: {fileID: 2588313851353880288, guid: 25b4d61151208c1458c9fd6eccfe2726,
        type: 3}
      propertyPath: m_LocalEulerAnglesHint.x
      value: 0
      objectReference: {fileID: 0}
    - target: {fileID: 2588313851353880288, guid: 25b4d61151208c1458c9fd6eccfe2726,
        type: 3}
      propertyPath: m_LocalEulerAnglesHint.y
      value: 0
      objectReference: {fileID: 0}
    - target: {fileID: 2588313851353880288, guid: 25b4d61151208c1458c9fd6eccfe2726,
        type: 3}
      propertyPath: m_LocalEulerAnglesHint.z
      value: 0
      objectReference: {fileID: 0}
    - target: {fileID: 2588313851353880288, guid: 25b4d61151208c1458c9fd6eccfe2726,
        type: 3}
      propertyPath: m_AnchoredPosition.x
      value: -0.04168701
      objectReference: {fileID: 0}
    - target: {fileID: 2588313851353880288, guid: 25b4d61151208c1458c9fd6eccfe2726,
        type: 3}
      propertyPath: m_AnchoredPosition.y
      value: 2.8249512
      objectReference: {fileID: 0}
    - target: {fileID: 2588313851353880288, guid: 25b4d61151208c1458c9fd6eccfe2726,
        type: 3}
      propertyPath: m_SizeDelta.x
      value: 223.174
      objectReference: {fileID: 0}
    - target: {fileID: 2588313851353880288, guid: 25b4d61151208c1458c9fd6eccfe2726,
        type: 3}
      propertyPath: m_SizeDelta.y
      value: 237.843
      objectReference: {fileID: 0}
    - target: {fileID: 2588313851353880288, guid: 25b4d61151208c1458c9fd6eccfe2726,
        type: 3}
      propertyPath: m_AnchorMin.x
      value: 0
      objectReference: {fileID: 0}
    - target: {fileID: 2588313851353880288, guid: 25b4d61151208c1458c9fd6eccfe2726,
        type: 3}
      propertyPath: m_AnchorMin.y
      value: 0
      objectReference: {fileID: 0}
    - target: {fileID: 2588313851353880288, guid: 25b4d61151208c1458c9fd6eccfe2726,
        type: 3}
      propertyPath: m_AnchorMax.x
      value: 0
      objectReference: {fileID: 0}
    - target: {fileID: 2588313851353880288, guid: 25b4d61151208c1458c9fd6eccfe2726,
        type: 3}
      propertyPath: m_AnchorMax.y
      value: 0
      objectReference: {fileID: 0}
    - target: {fileID: 2588313851353880288, guid: 25b4d61151208c1458c9fd6eccfe2726,
        type: 3}
      propertyPath: m_Pivot.x
      value: 0.5
      objectReference: {fileID: 0}
    - target: {fileID: 2588313851353880288, guid: 25b4d61151208c1458c9fd6eccfe2726,
        type: 3}
      propertyPath: m_Pivot.y
      value: 0.5
      objectReference: {fileID: 0}
    m_RemovedComponents: []
  m_SourcePrefab: {fileID: 100100000, guid: 25b4d61151208c1458c9fd6eccfe2726, type: 3}
--- !u!224 &2261517166547357360 stripped
RectTransform:
  m_CorrespondingSourceObject: {fileID: 2588313851353880288, guid: 25b4d61151208c1458c9fd6eccfe2726,
    type: 3}
  m_PrefabInstance: {fileID: 4362031296796104784}
  m_PrefabAsset: {fileID: 0}
--- !u!114 &3631216284776328403 stripped
MonoBehaviour:
  m_CorrespondingSourceObject: {fileID: 1075700203125732483, guid: 25b4d61151208c1458c9fd6eccfe2726,
    type: 3}
  m_PrefabInstance: {fileID: 4362031296796104784}
  m_PrefabAsset: {fileID: 0}
  m_GameObject: {fileID: 0}
  m_Enabled: 1
  m_EditorHideFlags: 0
  m_Script: {fileID: 11500000, guid: 02ff40c15eb431947a3329564f4e6802, type: 3}
  m_Name: 
  m_EditorClassIdentifier: 
--- !u!114 &1512531010208079301 stripped
MonoBehaviour:
  m_CorrespondingSourceObject: {fileID: 2915124917502215573, guid: 25b4d61151208c1458c9fd6eccfe2726,
    type: 3}
  m_PrefabInstance: {fileID: 4362031296796104784}
  m_PrefabAsset: {fileID: 0}
  m_GameObject: {fileID: 0}
  m_Enabled: 1
  m_EditorHideFlags: 0
  m_Script: {fileID: 11500000, guid: 5f7201a12d95ffc409449d95f23cf332, type: 3}
  m_Name: 
  m_EditorClassIdentifier: 
--- !u!1001 &7158187983479137317
PrefabInstance:
  m_ObjectHideFlags: 0
  serializedVersion: 2
  m_Modification:
    m_TransformParent: {fileID: 6935427266994644238}
    m_Modifications:
    - target: {fileID: 145172, guid: dbc886d3433d6aa4786fa9807aed6a71, type: 3}
      propertyPath: m_Name
      value: BulletMuzzleBlue
      objectReference: {fileID: 0}
    - target: {fileID: 418974, guid: dbc886d3433d6aa4786fa9807aed6a71, type: 3}
      propertyPath: m_LocalPosition.x
      value: 0
      objectReference: {fileID: 0}
    - target: {fileID: 418974, guid: dbc886d3433d6aa4786fa9807aed6a71, type: 3}
      propertyPath: m_LocalPosition.y
      value: 1.068
      objectReference: {fileID: 0}
    - target: {fileID: 418974, guid: dbc886d3433d6aa4786fa9807aed6a71, type: 3}
      propertyPath: m_LocalPosition.z
      value: 0.26
      objectReference: {fileID: 0}
    - target: {fileID: 418974, guid: dbc886d3433d6aa4786fa9807aed6a71, type: 3}
      propertyPath: m_LocalRotation.x
      value: -0.7071068
      objectReference: {fileID: 0}
    - target: {fileID: 418974, guid: dbc886d3433d6aa4786fa9807aed6a71, type: 3}
      propertyPath: m_LocalRotation.y
      value: 0
      objectReference: {fileID: 0}
    - target: {fileID: 418974, guid: dbc886d3433d6aa4786fa9807aed6a71, type: 3}
      propertyPath: m_LocalRotation.z
      value: 0
      objectReference: {fileID: 0}
    - target: {fileID: 418974, guid: dbc886d3433d6aa4786fa9807aed6a71, type: 3}
      propertyPath: m_LocalRotation.w
      value: 0.7071068
      objectReference: {fileID: 0}
    - target: {fileID: 418974, guid: dbc886d3433d6aa4786fa9807aed6a71, type: 3}
      propertyPath: m_RootOrder
      value: 1
      objectReference: {fileID: 0}
    - target: {fileID: 418974, guid: dbc886d3433d6aa4786fa9807aed6a71, type: 3}
      propertyPath: m_LocalEulerAnglesHint.x
      value: -90
      objectReference: {fileID: 0}
    - target: {fileID: 418974, guid: dbc886d3433d6aa4786fa9807aed6a71, type: 3}
      propertyPath: m_LocalEulerAnglesHint.y
      value: 0
      objectReference: {fileID: 0}
    - target: {fileID: 418974, guid: dbc886d3433d6aa4786fa9807aed6a71, type: 3}
      propertyPath: m_LocalEulerAnglesHint.z
      value: 0
      objectReference: {fileID: 0}
    m_RemovedComponents: []
  m_SourcePrefab: {fileID: 100100000, guid: dbc886d3433d6aa4786fa9807aed6a71, type: 3}
--- !u!4 &7158187983478718651 stripped
Transform:
  m_CorrespondingSourceObject: {fileID: 418974, guid: dbc886d3433d6aa4786fa9807aed6a71,
    type: 3}
  m_PrefabInstance: {fileID: 7158187983479137317}
  m_PrefabAsset: {fileID: 0}
--- !u!198 &7158187983492966931 stripped
ParticleSystem:
  m_CorrespondingSourceObject: {fileID: 19861046, guid: dbc886d3433d6aa4786fa9807aed6a71,
    type: 3}
  m_PrefabInstance: {fileID: 7158187983479137317}
  m_PrefabAsset: {fileID: 0}
--- !u!1001 &8218822248399361281
PrefabInstance:
  m_ObjectHideFlags: 0
  serializedVersion: 2
  m_Modification:
    m_TransformParent: {fileID: 6935427266994644238}
    m_Modifications:
    - target: {fileID: 119968, guid: 915a6c775b025984fac4e0bec48690e9, type: 3}
      propertyPath: m_Name
      value: GenericDeath
      objectReference: {fileID: 0}
    - target: {fileID: 428504, guid: 915a6c775b025984fac4e0bec48690e9, type: 3}
      propertyPath: m_LocalPosition.x
      value: 0
      objectReference: {fileID: 0}
    - target: {fileID: 428504, guid: 915a6c775b025984fac4e0bec48690e9, type: 3}
      propertyPath: m_LocalPosition.y
      value: 0.416
      objectReference: {fileID: 0}
    - target: {fileID: 428504, guid: 915a6c775b025984fac4e0bec48690e9, type: 3}
      propertyPath: m_LocalPosition.z
      value: -0.313
      objectReference: {fileID: 0}
    - target: {fileID: 428504, guid: 915a6c775b025984fac4e0bec48690e9, type: 3}
      propertyPath: m_LocalRotation.x
      value: -0.7071068
      objectReference: {fileID: 0}
    - target: {fileID: 428504, guid: 915a6c775b025984fac4e0bec48690e9, type: 3}
      propertyPath: m_LocalRotation.y
      value: 0
      objectReference: {fileID: 0}
    - target: {fileID: 428504, guid: 915a6c775b025984fac4e0bec48690e9, type: 3}
      propertyPath: m_LocalRotation.z
      value: 0
      objectReference: {fileID: 0}
    - target: {fileID: 428504, guid: 915a6c775b025984fac4e0bec48690e9, type: 3}
      propertyPath: m_LocalRotation.w
      value: 0.7071068
      objectReference: {fileID: 0}
    - target: {fileID: 428504, guid: 915a6c775b025984fac4e0bec48690e9, type: 3}
      propertyPath: m_RootOrder
      value: 0
      objectReference: {fileID: 0}
    - target: {fileID: 428504, guid: 915a6c775b025984fac4e0bec48690e9, type: 3}
      propertyPath: m_LocalEulerAnglesHint.x
      value: -90
      objectReference: {fileID: 0}
    - target: {fileID: 428504, guid: 915a6c775b025984fac4e0bec48690e9, type: 3}
      propertyPath: m_LocalEulerAnglesHint.y
      value: 0
      objectReference: {fileID: 0}
    - target: {fileID: 428504, guid: 915a6c775b025984fac4e0bec48690e9, type: 3}
      propertyPath: m_LocalEulerAnglesHint.z
      value: 0
      objectReference: {fileID: 0}
    m_RemovedComponents: []
  m_SourcePrefab: {fileID: 100100000, guid: 915a6c775b025984fac4e0bec48690e9, type: 3}
--- !u!198 &8218822248380088191 stripped
ParticleSystem:
  m_CorrespondingSourceObject: {fileID: 19819134, guid: 915a6c775b025984fac4e0bec48690e9,
    type: 3}
  m_PrefabInstance: {fileID: 8218822248399361281}
  m_PrefabAsset: {fileID: 0}
--- !u!4 &8218822248399461593 stripped
Transform:
  m_CorrespondingSourceObject: {fileID: 428504, guid: 915a6c775b025984fac4e0bec48690e9,
    type: 3}
  m_PrefabInstance: {fileID: 8218822248399361281}
  m_PrefabAsset: {fileID: 0}
--- !u!1001 &9175078800264215848
PrefabInstance:
  m_ObjectHideFlags: 0
  serializedVersion: 2
  m_Modification:
    m_TransformParent: {fileID: 2869952636615049432}
    m_Modifications:
    - target: {fileID: 100000, guid: 6521b4ee46891934eb20540d0feabe27, type: 3}
      propertyPath: m_Name
      value: Polygonal Alien Magantis
      objectReference: {fileID: 0}
    - target: {fileID: 400000, guid: 6521b4ee46891934eb20540d0feabe27, type: 3}
      propertyPath: m_LocalPosition.x
      value: 0
      objectReference: {fileID: 0}
    - target: {fileID: 400000, guid: 6521b4ee46891934eb20540d0feabe27, type: 3}
      propertyPath: m_LocalPosition.y
      value: 0
      objectReference: {fileID: 0}
    - target: {fileID: 400000, guid: 6521b4ee46891934eb20540d0feabe27, type: 3}
      propertyPath: m_LocalPosition.z
      value: 0
      objectReference: {fileID: 0}
    - target: {fileID: 400000, guid: 6521b4ee46891934eb20540d0feabe27, type: 3}
      propertyPath: m_LocalRotation.x
      value: 0
      objectReference: {fileID: 0}
    - target: {fileID: 400000, guid: 6521b4ee46891934eb20540d0feabe27, type: 3}
      propertyPath: m_LocalRotation.y
      value: 0
      objectReference: {fileID: 0}
    - target: {fileID: 400000, guid: 6521b4ee46891934eb20540d0feabe27, type: 3}
      propertyPath: m_LocalRotation.z
      value: 0
      objectReference: {fileID: 0}
    - target: {fileID: 400000, guid: 6521b4ee46891934eb20540d0feabe27, type: 3}
      propertyPath: m_LocalRotation.w
      value: 1
      objectReference: {fileID: 0}
    - target: {fileID: 400000, guid: 6521b4ee46891934eb20540d0feabe27, type: 3}
      propertyPath: m_RootOrder
      value: 2
      objectReference: {fileID: 0}
    - target: {fileID: 400000, guid: 6521b4ee46891934eb20540d0feabe27, type: 3}
      propertyPath: m_LocalEulerAnglesHint.x
      value: 0
      objectReference: {fileID: 0}
    - target: {fileID: 400000, guid: 6521b4ee46891934eb20540d0feabe27, type: 3}
      propertyPath: m_LocalEulerAnglesHint.y
      value: 0
      objectReference: {fileID: 0}
    - target: {fileID: 400000, guid: 6521b4ee46891934eb20540d0feabe27, type: 3}
      propertyPath: m_LocalEulerAnglesHint.z
      value: 0
      objectReference: {fileID: 0}
    - target: {fileID: 400000, guid: 6521b4ee46891934eb20540d0feabe27, type: 3}
      propertyPath: m_LocalScale.x
      value: 0.4
      objectReference: {fileID: 0}
    - target: {fileID: 400000, guid: 6521b4ee46891934eb20540d0feabe27, type: 3}
      propertyPath: m_LocalScale.y
      value: 0.4
      objectReference: {fileID: 0}
    - target: {fileID: 400000, guid: 6521b4ee46891934eb20540d0feabe27, type: 3}
      propertyPath: m_LocalScale.z
      value: 0.4
      objectReference: {fileID: 0}
    - target: {fileID: 400006, guid: 6521b4ee46891934eb20540d0feabe27, type: 3}
      propertyPath: m_LocalEulerAnglesHint.y
      value: -90.00001
      objectReference: {fileID: 0}
    - target: {fileID: 400006, guid: 6521b4ee46891934eb20540d0feabe27, type: 3}
      propertyPath: m_LocalEulerAnglesHint.z
      value: -90
      objectReference: {fileID: 0}
    - target: {fileID: 400008, guid: 6521b4ee46891934eb20540d0feabe27, type: 3}
      propertyPath: m_LocalEulerAnglesHint.x
      value: 0.49126542
      objectReference: {fileID: 0}
    - target: {fileID: 400008, guid: 6521b4ee46891934eb20540d0feabe27, type: 3}
      propertyPath: m_LocalEulerAnglesHint.y
      value: -0.5416415
      objectReference: {fileID: 0}
    - target: {fileID: 400008, guid: 6521b4ee46891934eb20540d0feabe27, type: 3}
      propertyPath: m_LocalEulerAnglesHint.z
      value: -32.361088
      objectReference: {fileID: 0}
    - target: {fileID: 400010, guid: 6521b4ee46891934eb20540d0feabe27, type: 3}
      propertyPath: m_LocalEulerAnglesHint.x
      value: -0.0000072570947
      objectReference: {fileID: 0}
    - target: {fileID: 400010, guid: 6521b4ee46891934eb20540d0feabe27, type: 3}
      propertyPath: m_LocalEulerAnglesHint.y
      value: -89.68372
      objectReference: {fileID: 0}
    - target: {fileID: 400010, guid: 6521b4ee46891934eb20540d0feabe27, type: 3}
      propertyPath: m_LocalEulerAnglesHint.z
      value: -170.92476
      objectReference: {fileID: 0}
    - target: {fileID: 400012, guid: 6521b4ee46891934eb20540d0feabe27, type: 3}
      propertyPath: m_LocalEulerAnglesHint.x
      value: 7.3742394
      objectReference: {fileID: 0}
    - target: {fileID: 400012, guid: 6521b4ee46891934eb20540d0feabe27, type: 3}
      propertyPath: m_LocalEulerAnglesHint.y
      value: 23.474699
      objectReference: {fileID: 0}
    - target: {fileID: 400012, guid: 6521b4ee46891934eb20540d0feabe27, type: 3}
      propertyPath: m_LocalEulerAnglesHint.z
      value: -22.511677
      objectReference: {fileID: 0}
    - target: {fileID: 400014, guid: 6521b4ee46891934eb20540d0feabe27, type: 3}
      propertyPath: m_LocalEulerAnglesHint.x
      value: -3.6942153
      objectReference: {fileID: 0}
    - target: {fileID: 400014, guid: 6521b4ee46891934eb20540d0feabe27, type: 3}
      propertyPath: m_LocalEulerAnglesHint.y
      value: -113.96418
      objectReference: {fileID: 0}
    - target: {fileID: 400014, guid: 6521b4ee46891934eb20540d0feabe27, type: 3}
      propertyPath: m_LocalEulerAnglesHint.z
      value: 165.82431
      objectReference: {fileID: 0}
    - target: {fileID: 400016, guid: 6521b4ee46891934eb20540d0feabe27, type: 3}
      propertyPath: m_LocalEulerAnglesHint.x
      value: -4.239807
      objectReference: {fileID: 0}
    - target: {fileID: 400016, guid: 6521b4ee46891934eb20540d0feabe27, type: 3}
      propertyPath: m_LocalEulerAnglesHint.y
      value: -19.255114
      objectReference: {fileID: 0}
    - target: {fileID: 400016, guid: 6521b4ee46891934eb20540d0feabe27, type: 3}
      propertyPath: m_LocalEulerAnglesHint.z
      value: -25.005964
      objectReference: {fileID: 0}
    - target: {fileID: 400018, guid: 6521b4ee46891934eb20540d0feabe27, type: 3}
      propertyPath: m_LocalEulerAnglesHint.x
      value: 1.2108691
      objectReference: {fileID: 0}
    - target: {fileID: 400018, guid: 6521b4ee46891934eb20540d0feabe27, type: 3}
      propertyPath: m_LocalEulerAnglesHint.y
      value: -70.02044
      objectReference: {fileID: 0}
    - target: {fileID: 400018, guid: 6521b4ee46891934eb20540d0feabe27, type: 3}
      propertyPath: m_LocalEulerAnglesHint.z
      value: 163.55957
      objectReference: {fileID: 0}
    - target: {fileID: 400020, guid: 6521b4ee46891934eb20540d0feabe27, type: 3}
      propertyPath: m_LocalEulerAnglesHint.x
      value: -11.020776
      objectReference: {fileID: 0}
    - target: {fileID: 400020, guid: 6521b4ee46891934eb20540d0feabe27, type: 3}
      propertyPath: m_LocalEulerAnglesHint.y
      value: 155.58188
      objectReference: {fileID: 0}
    - target: {fileID: 400020, guid: 6521b4ee46891934eb20540d0feabe27, type: 3}
      propertyPath: m_LocalEulerAnglesHint.z
      value: -59.93348
      objectReference: {fileID: 0}
    - target: {fileID: 400022, guid: 6521b4ee46891934eb20540d0feabe27, type: 3}
      propertyPath: m_LocalEulerAnglesHint.x
      value: -0.20381081
      objectReference: {fileID: 0}
    - target: {fileID: 400022, guid: 6521b4ee46891934eb20540d0feabe27, type: 3}
      propertyPath: m_LocalEulerAnglesHint.y
      value: -2.356811
      objectReference: {fileID: 0}
    - target: {fileID: 400022, guid: 6521b4ee46891934eb20540d0feabe27, type: 3}
      propertyPath: m_LocalEulerAnglesHint.z
      value: 22.295317
      objectReference: {fileID: 0}
    - target: {fileID: 400024, guid: 6521b4ee46891934eb20540d0feabe27, type: 3}
      propertyPath: m_LocalEulerAnglesHint.x
      value: -26.364767
      objectReference: {fileID: 0}
    - target: {fileID: 400024, guid: 6521b4ee46891934eb20540d0feabe27, type: 3}
      propertyPath: m_LocalEulerAnglesHint.y
      value: 31.189688
      objectReference: {fileID: 0}
    - target: {fileID: 400024, guid: 6521b4ee46891934eb20540d0feabe27, type: 3}
      propertyPath: m_LocalEulerAnglesHint.z
      value: -26.609623
      objectReference: {fileID: 0}
    - target: {fileID: 400026, guid: 6521b4ee46891934eb20540d0feabe27, type: 3}
      propertyPath: m_LocalEulerAnglesHint.y
      value: -90.00001
      objectReference: {fileID: 0}
    - target: {fileID: 400026, guid: 6521b4ee46891934eb20540d0feabe27, type: 3}
      propertyPath: m_LocalEulerAnglesHint.z
      value: -90
      objectReference: {fileID: 0}
    - target: {fileID: 400026, guid: 6521b4ee46891934eb20540d0feabe27, type: 3}
      propertyPath: m_LocalEulerAnglesHint.x
      value: 0
      objectReference: {fileID: 0}
    - target: {fileID: 400028, guid: 6521b4ee46891934eb20540d0feabe27, type: 3}
      propertyPath: m_LocalEulerAnglesHint.x
      value: -35.7363
      objectReference: {fileID: 0}
    - target: {fileID: 400028, guid: 6521b4ee46891934eb20540d0feabe27, type: 3}
      propertyPath: m_LocalEulerAnglesHint.y
      value: -178.54305
      objectReference: {fileID: 0}
    - target: {fileID: 400028, guid: 6521b4ee46891934eb20540d0feabe27, type: 3}
      propertyPath: m_LocalEulerAnglesHint.z
      value: -88.2156
      objectReference: {fileID: 0}
    - target: {fileID: 400030, guid: 6521b4ee46891934eb20540d0feabe27, type: 3}
      propertyPath: m_LocalEulerAnglesHint.x
      value: -9.77085
      objectReference: {fileID: 0}
    - target: {fileID: 400030, guid: 6521b4ee46891934eb20540d0feabe27, type: 3}
      propertyPath: m_LocalEulerAnglesHint.y
      value: 16.740671
      objectReference: {fileID: 0}
    - target: {fileID: 400030, guid: 6521b4ee46891934eb20540d0feabe27, type: 3}
      propertyPath: m_LocalEulerAnglesHint.z
      value: -56.744072
      objectReference: {fileID: 0}
    - target: {fileID: 400032, guid: 6521b4ee46891934eb20540d0feabe27, type: 3}
      propertyPath: m_LocalEulerAnglesHint.x
      value: 8.869053
      objectReference: {fileID: 0}
    - target: {fileID: 400032, guid: 6521b4ee46891934eb20540d0feabe27, type: 3}
      propertyPath: m_LocalEulerAnglesHint.y
      value: 12.037027
      objectReference: {fileID: 0}
    - target: {fileID: 400032, guid: 6521b4ee46891934eb20540d0feabe27, type: 3}
      propertyPath: m_LocalEulerAnglesHint.z
      value: 49.418224
      objectReference: {fileID: 0}
    - target: {fileID: 400034, guid: 6521b4ee46891934eb20540d0feabe27, type: 3}
      propertyPath: m_LocalEulerAnglesHint.y
      value: -90.001305
      objectReference: {fileID: 0}
    - target: {fileID: 400034, guid: 6521b4ee46891934eb20540d0feabe27, type: 3}
      propertyPath: m_LocalEulerAnglesHint.z
      value: -89.850044
      objectReference: {fileID: 0}
    - target: {fileID: 400034, guid: 6521b4ee46891934eb20540d0feabe27, type: 3}
      propertyPath: m_LocalEulerAnglesHint.x
      value: -0.0000051226543
      objectReference: {fileID: 0}
    - target: {fileID: 400036, guid: 6521b4ee46891934eb20540d0feabe27, type: 3}
      propertyPath: m_LocalEulerAnglesHint.x
      value: -0.13139796
      objectReference: {fileID: 0}
    - target: {fileID: 400036, guid: 6521b4ee46891934eb20540d0feabe27, type: 3}
      propertyPath: m_LocalEulerAnglesHint.y
      value: 91.265366
      objectReference: {fileID: 0}
    - target: {fileID: 400036, guid: 6521b4ee46891934eb20540d0feabe27, type: 3}
      propertyPath: m_LocalEulerAnglesHint.z
      value: -52.062996
      objectReference: {fileID: 0}
    - target: {fileID: 400038, guid: 6521b4ee46891934eb20540d0feabe27, type: 3}
      propertyPath: m_LocalEulerAnglesHint.x
      value: -57.27235
      objectReference: {fileID: 0}
    - target: {fileID: 400038, guid: 6521b4ee46891934eb20540d0feabe27, type: 3}
      propertyPath: m_LocalEulerAnglesHint.y
      value: 159.83243
      objectReference: {fileID: 0}
    - target: {fileID: 400038, guid: 6521b4ee46891934eb20540d0feabe27, type: 3}
      propertyPath: m_LocalEulerAnglesHint.z
      value: 163.05797
      objectReference: {fileID: 0}
    - target: {fileID: 400040, guid: 6521b4ee46891934eb20540d0feabe27, type: 3}
      propertyPath: m_LocalEulerAnglesHint.x
      value: 5.345548
      objectReference: {fileID: 0}
    - target: {fileID: 400040, guid: 6521b4ee46891934eb20540d0feabe27, type: 3}
      propertyPath: m_LocalEulerAnglesHint.y
      value: 9.029678
      objectReference: {fileID: 0}
    - target: {fileID: 400040, guid: 6521b4ee46891934eb20540d0feabe27, type: 3}
      propertyPath: m_LocalEulerAnglesHint.z
      value: 82.36774
      objectReference: {fileID: 0}
    - target: {fileID: 400042, guid: 6521b4ee46891934eb20540d0feabe27, type: 3}
      propertyPath: m_LocalEulerAnglesHint.y
      value: -93.84665
      objectReference: {fileID: 0}
    - target: {fileID: 400042, guid: 6521b4ee46891934eb20540d0feabe27, type: 3}
      propertyPath: m_LocalEulerAnglesHint.z
      value: -107.3511
      objectReference: {fileID: 0}
    - target: {fileID: 400042, guid: 6521b4ee46891934eb20540d0feabe27, type: 3}
      propertyPath: m_LocalEulerAnglesHint.x
      value: 12.427228
      objectReference: {fileID: 0}
    - target: {fileID: 400044, guid: 6521b4ee46891934eb20540d0feabe27, type: 3}
      propertyPath: m_LocalEulerAnglesHint.x
      value: 1.6274393
      objectReference: {fileID: 0}
    - target: {fileID: 400044, guid: 6521b4ee46891934eb20540d0feabe27, type: 3}
      propertyPath: m_LocalEulerAnglesHint.y
      value: -1.0903524
      objectReference: {fileID: 0}
    - target: {fileID: 400044, guid: 6521b4ee46891934eb20540d0feabe27, type: 3}
      propertyPath: m_LocalEulerAnglesHint.z
      value: 26.392738
      objectReference: {fileID: 0}
    - target: {fileID: 400046, guid: 6521b4ee46891934eb20540d0feabe27, type: 3}
      propertyPath: m_LocalEulerAnglesHint.x
      value: 3.002968
      objectReference: {fileID: 0}
    - target: {fileID: 400046, guid: 6521b4ee46891934eb20540d0feabe27, type: 3}
      propertyPath: m_LocalEulerAnglesHint.y
      value: -90.33489
      objectReference: {fileID: 0}
    - target: {fileID: 400046, guid: 6521b4ee46891934eb20540d0feabe27, type: 3}
      propertyPath: m_LocalEulerAnglesHint.z
      value: -169.62952
      objectReference: {fileID: 0}
    - target: {fileID: 400048, guid: 6521b4ee46891934eb20540d0feabe27, type: 3}
      propertyPath: m_LocalEulerAnglesHint.x
      value: 3.002968
      objectReference: {fileID: 0}
    - target: {fileID: 400048, guid: 6521b4ee46891934eb20540d0feabe27, type: 3}
      propertyPath: m_LocalEulerAnglesHint.y
      value: -90.33489
      objectReference: {fileID: 0}
    - target: {fileID: 400048, guid: 6521b4ee46891934eb20540d0feabe27, type: 3}
      propertyPath: m_LocalEulerAnglesHint.z
      value: -169.62952
      objectReference: {fileID: 0}
    - target: {fileID: 400050, guid: 6521b4ee46891934eb20540d0feabe27, type: 3}
      propertyPath: m_LocalEulerAnglesHint.x
      value: 28.067421
      objectReference: {fileID: 0}
    - target: {fileID: 400050, guid: 6521b4ee46891934eb20540d0feabe27, type: 3}
      propertyPath: m_LocalEulerAnglesHint.y
      value: -165.21867
      objectReference: {fileID: 0}
    - target: {fileID: 400050, guid: 6521b4ee46891934eb20540d0feabe27, type: 3}
      propertyPath: m_LocalEulerAnglesHint.z
      value: -75.83885
      objectReference: {fileID: 0}
    - target: {fileID: 400052, guid: 6521b4ee46891934eb20540d0feabe27, type: 3}
      propertyPath: m_LocalEulerAnglesHint.x
      value: -2.7607648
      objectReference: {fileID: 0}
    - target: {fileID: 400052, guid: 6521b4ee46891934eb20540d0feabe27, type: 3}
      propertyPath: m_LocalEulerAnglesHint.y
      value: 8.368966
      objectReference: {fileID: 0}
    - target: {fileID: 400052, guid: 6521b4ee46891934eb20540d0feabe27, type: 3}
      propertyPath: m_LocalEulerAnglesHint.z
      value: 27.764597
      objectReference: {fileID: 0}
    - target: {fileID: 400054, guid: 6521b4ee46891934eb20540d0feabe27, type: 3}
      propertyPath: m_LocalEulerAnglesHint.x
      value: 20.05174
      objectReference: {fileID: 0}
    - target: {fileID: 400054, guid: 6521b4ee46891934eb20540d0feabe27, type: 3}
      propertyPath: m_LocalEulerAnglesHint.y
      value: -51.949253
      objectReference: {fileID: 0}
    - target: {fileID: 400054, guid: 6521b4ee46891934eb20540d0feabe27, type: 3}
      propertyPath: m_LocalEulerAnglesHint.z
      value: 12.047691
      objectReference: {fileID: 0}
    - target: {fileID: 400056, guid: 6521b4ee46891934eb20540d0feabe27, type: 3}
      propertyPath: m_LocalEulerAnglesHint.y
      value: -86.33274
      objectReference: {fileID: 0}
    - target: {fileID: 400056, guid: 6521b4ee46891934eb20540d0feabe27, type: 3}
      propertyPath: m_LocalEulerAnglesHint.z
      value: -106.51915
      objectReference: {fileID: 0}
    - target: {fileID: 400056, guid: 6521b4ee46891934eb20540d0feabe27, type: 3}
      propertyPath: m_LocalEulerAnglesHint.x
      value: -12.480582
      objectReference: {fileID: 0}
    - target: {fileID: 400058, guid: 6521b4ee46891934eb20540d0feabe27, type: 3}
      propertyPath: m_LocalEulerAnglesHint.x
      value: 34.069176
      objectReference: {fileID: 0}
    - target: {fileID: 400058, guid: 6521b4ee46891934eb20540d0feabe27, type: 3}
      propertyPath: m_LocalEulerAnglesHint.y
      value: -173.51392
      objectReference: {fileID: 0}
    - target: {fileID: 400058, guid: 6521b4ee46891934eb20540d0feabe27, type: 3}
      propertyPath: m_LocalEulerAnglesHint.z
      value: -48.47726
      objectReference: {fileID: 0}
    - target: {fileID: 400060, guid: 6521b4ee46891934eb20540d0feabe27, type: 3}
      propertyPath: m_LocalEulerAnglesHint.x
      value: 18.987385
      objectReference: {fileID: 0}
    - target: {fileID: 400060, guid: 6521b4ee46891934eb20540d0feabe27, type: 3}
      propertyPath: m_LocalEulerAnglesHint.y
      value: -11.94422
      objectReference: {fileID: 0}
    - target: {fileID: 400060, guid: 6521b4ee46891934eb20540d0feabe27, type: 3}
      propertyPath: m_LocalEulerAnglesHint.z
      value: -75.26601
      objectReference: {fileID: 0}
    - target: {fileID: 400062, guid: 6521b4ee46891934eb20540d0feabe27, type: 3}
      propertyPath: m_LocalEulerAnglesHint.x
      value: 11.542347
      objectReference: {fileID: 0}
    - target: {fileID: 400062, guid: 6521b4ee46891934eb20540d0feabe27, type: 3}
      propertyPath: m_LocalEulerAnglesHint.y
      value: -26.696001
      objectReference: {fileID: 0}
    - target: {fileID: 400062, guid: 6521b4ee46891934eb20540d0feabe27, type: 3}
      propertyPath: m_LocalEulerAnglesHint.z
      value: 63.248043
      objectReference: {fileID: 0}
    - target: {fileID: 400064, guid: 6521b4ee46891934eb20540d0feabe27, type: 3}
      propertyPath: m_LocalEulerAnglesHint.y
      value: -89.96483
      objectReference: {fileID: 0}
    - target: {fileID: 400064, guid: 6521b4ee46891934eb20540d0feabe27, type: 3}
      propertyPath: m_LocalEulerAnglesHint.z
      value: -90.10016
      objectReference: {fileID: 0}
    - target: {fileID: 400064, guid: 6521b4ee46891934eb20540d0feabe27, type: 3}
      propertyPath: m_LocalEulerAnglesHint.x
      value: 0.00005976411
      objectReference: {fileID: 0}
    - target: {fileID: 400066, guid: 6521b4ee46891934eb20540d0feabe27, type: 3}
      propertyPath: m_LocalEulerAnglesHint.x
      value: 0.001950521
      objectReference: {fileID: 0}
    - target: {fileID: 400066, guid: 6521b4ee46891934eb20540d0feabe27, type: 3}
      propertyPath: m_LocalEulerAnglesHint.y
      value: -0.8543003
      objectReference: {fileID: 0}
    - target: {fileID: 400066, guid: 6521b4ee46891934eb20540d0feabe27, type: 3}
      propertyPath: m_LocalEulerAnglesHint.z
      value: -1.8600073
      objectReference: {fileID: 0}
    - target: {fileID: 400068, guid: 6521b4ee46891934eb20540d0feabe27, type: 3}
      propertyPath: m_LocalEulerAnglesHint.x
      value: 2.5811338
      objectReference: {fileID: 0}
    - target: {fileID: 400068, guid: 6521b4ee46891934eb20540d0feabe27, type: 3}
      propertyPath: m_LocalEulerAnglesHint.y
      value: -90.39609
      objectReference: {fileID: 0}
    - target: {fileID: 400068, guid: 6521b4ee46891934eb20540d0feabe27, type: 3}
      propertyPath: m_LocalEulerAnglesHint.z
      value: -164.99295
      objectReference: {fileID: 0}
    - target: {fileID: 400070, guid: 6521b4ee46891934eb20540d0feabe27, type: 3}
      propertyPath: m_LocalEulerAnglesHint.x
      value: -14.57308
      objectReference: {fileID: 0}
    - target: {fileID: 400070, guid: 6521b4ee46891934eb20540d0feabe27, type: 3}
      propertyPath: m_LocalEulerAnglesHint.y
      value: -73.772125
      objectReference: {fileID: 0}
    - target: {fileID: 400070, guid: 6521b4ee46891934eb20540d0feabe27, type: 3}
      propertyPath: m_LocalEulerAnglesHint.z
      value: -81.64581
      objectReference: {fileID: 0}
    - target: {fileID: 400072, guid: 6521b4ee46891934eb20540d0feabe27, type: 3}
      propertyPath: m_LocalEulerAnglesHint.x
      value: 57.113846
      objectReference: {fileID: 0}
    - target: {fileID: 400072, guid: 6521b4ee46891934eb20540d0feabe27, type: 3}
      propertyPath: m_LocalEulerAnglesHint.y
      value: -161.15767
      objectReference: {fileID: 0}
    - target: {fileID: 400072, guid: 6521b4ee46891934eb20540d0feabe27, type: 3}
      propertyPath: m_LocalEulerAnglesHint.z
      value: 171.4429
      objectReference: {fileID: 0}
    - target: {fileID: 400074, guid: 6521b4ee46891934eb20540d0feabe27, type: 3}
      propertyPath: m_LocalEulerAnglesHint.x
      value: -12.876184
      objectReference: {fileID: 0}
    - target: {fileID: 400074, guid: 6521b4ee46891934eb20540d0feabe27, type: 3}
      propertyPath: m_LocalEulerAnglesHint.y
      value: -6.169133
      objectReference: {fileID: 0}
    - target: {fileID: 400074, guid: 6521b4ee46891934eb20540d0feabe27, type: 3}
      propertyPath: m_LocalEulerAnglesHint.z
      value: 40.519703
      objectReference: {fileID: 0}
    - target: {fileID: 400076, guid: 6521b4ee46891934eb20540d0feabe27, type: 3}
      propertyPath: m_LocalEulerAnglesHint.y
      value: -90.00001
      objectReference: {fileID: 0}
    - target: {fileID: 400076, guid: 6521b4ee46891934eb20540d0feabe27, type: 3}
      propertyPath: m_LocalEulerAnglesHint.z
      value: -90
      objectReference: {fileID: 0}
    - target: {fileID: 400076, guid: 6521b4ee46891934eb20540d0feabe27, type: 3}
      propertyPath: m_LocalEulerAnglesHint.x
      value: 0
      objectReference: {fileID: 0}
    - target: {fileID: 400078, guid: 6521b4ee46891934eb20540d0feabe27, type: 3}
      propertyPath: m_LocalEulerAnglesHint.x
      value: 0.034562543
      objectReference: {fileID: 0}
    - target: {fileID: 400078, guid: 6521b4ee46891934eb20540d0feabe27, type: 3}
      propertyPath: m_LocalEulerAnglesHint.y
      value: 0.84574324
      objectReference: {fileID: 0}
    - target: {fileID: 400078, guid: 6521b4ee46891934eb20540d0feabe27, type: 3}
      propertyPath: m_LocalEulerAnglesHint.z
      value: -2.3250785
      objectReference: {fileID: 0}
    - target: {fileID: 400080, guid: 6521b4ee46891934eb20540d0feabe27, type: 3}
      propertyPath: m_LocalEulerAnglesHint.x
      value: 0.2929806
      objectReference: {fileID: 0}
    - target: {fileID: 400080, guid: 6521b4ee46891934eb20540d0feabe27, type: 3}
      propertyPath: m_LocalEulerAnglesHint.y
      value: -0.0010595322
      objectReference: {fileID: 0}
    - target: {fileID: 400080, guid: 6521b4ee46891934eb20540d0feabe27, type: 3}
      propertyPath: m_LocalEulerAnglesHint.z
      value: 8.83016
      objectReference: {fileID: 0}
    - target: {fileID: 400082, guid: 6521b4ee46891934eb20540d0feabe27, type: 3}
      propertyPath: m_LocalEulerAnglesHint.x
      value: -0.04418653
      objectReference: {fileID: 0}
    - target: {fileID: 400082, guid: 6521b4ee46891934eb20540d0feabe27, type: 3}
      propertyPath: m_LocalEulerAnglesHint.y
      value: 0.008159015
      objectReference: {fileID: 0}
    - target: {fileID: 400082, guid: 6521b4ee46891934eb20540d0feabe27, type: 3}
      propertyPath: m_LocalEulerAnglesHint.z
      value: -179.55579
      objectReference: {fileID: 0}
    - target: {fileID: 400084, guid: 6521b4ee46891934eb20540d0feabe27, type: 3}
      propertyPath: m_LocalEulerAnglesHint.x
      value: 1.228224
      objectReference: {fileID: 0}
    - target: {fileID: 400084, guid: 6521b4ee46891934eb20540d0feabe27, type: 3}
      propertyPath: m_LocalEulerAnglesHint.y
      value: -1.3944447
      objectReference: {fileID: 0}
    - target: {fileID: 400084, guid: 6521b4ee46891934eb20540d0feabe27, type: 3}
      propertyPath: m_LocalEulerAnglesHint.z
      value: -1.5889679
      objectReference: {fileID: 0}
    - target: {fileID: 400086, guid: 6521b4ee46891934eb20540d0feabe27, type: 3}
      propertyPath: m_LocalEulerAnglesHint.x
      value: 4.5153356
      objectReference: {fileID: 0}
    - target: {fileID: 400086, guid: 6521b4ee46891934eb20540d0feabe27, type: 3}
      propertyPath: m_LocalEulerAnglesHint.y
      value: -91.47738
      objectReference: {fileID: 0}
    - target: {fileID: 400086, guid: 6521b4ee46891934eb20540d0feabe27, type: 3}
      propertyPath: m_LocalEulerAnglesHint.z
      value: 9.165297
      objectReference: {fileID: 0}
    - target: {fileID: 400088, guid: 6521b4ee46891934eb20540d0feabe27, type: 3}
      propertyPath: m_LocalEulerAnglesHint.x
      value: 1.255912
      objectReference: {fileID: 0}
    - target: {fileID: 400088, guid: 6521b4ee46891934eb20540d0feabe27, type: 3}
      propertyPath: m_LocalEulerAnglesHint.y
      value: -2.3830266
      objectReference: {fileID: 0}
    - target: {fileID: 400088, guid: 6521b4ee46891934eb20540d0feabe27, type: 3}
      propertyPath: m_LocalEulerAnglesHint.z
      value: -1.7769572
      objectReference: {fileID: 0}
    - target: {fileID: 400090, guid: 6521b4ee46891934eb20540d0feabe27, type: 3}
      propertyPath: m_LocalRotation.y
      value: -0.70330167
      objectReference: {fileID: 0}
    - target: {fileID: 400090, guid: 6521b4ee46891934eb20540d0feabe27, type: 3}
      propertyPath: m_LocalRotation.w
      value: 0.7033017
      objectReference: {fileID: 0}
    - target: {fileID: 400090, guid: 6521b4ee46891934eb20540d0feabe27, type: 3}
      propertyPath: m_LocalEulerAnglesHint.x
      value: 6.131502
      objectReference: {fileID: 0}
    - target: {fileID: 400090, guid: 6521b4ee46891934eb20540d0feabe27, type: 3}
      propertyPath: m_LocalEulerAnglesHint.y
      value: -93.6416
      objectReference: {fileID: 0}
    - target: {fileID: 400090, guid: 6521b4ee46891934eb20540d0feabe27, type: 3}
      propertyPath: m_LocalEulerAnglesHint.z
      value: 7.213628
      objectReference: {fileID: 0}
    - target: {fileID: 400092, guid: 6521b4ee46891934eb20540d0feabe27, type: 3}
      propertyPath: m_LocalEulerAnglesHint.x
      value: -3.4506495
      objectReference: {fileID: 0}
    - target: {fileID: 400092, guid: 6521b4ee46891934eb20540d0feabe27, type: 3}
      propertyPath: m_LocalEulerAnglesHint.y
      value: -0.25114048
      objectReference: {fileID: 0}
    - target: {fileID: 400092, guid: 6521b4ee46891934eb20540d0feabe27, type: 3}
      propertyPath: m_LocalEulerAnglesHint.z
      value: -21.382727
      objectReference: {fileID: 0}
    - target: {fileID: 400094, guid: 6521b4ee46891934eb20540d0feabe27, type: 3}
      propertyPath: m_LocalEulerAnglesHint.x
      value: 2.7392914
      objectReference: {fileID: 0}
    - target: {fileID: 400094, guid: 6521b4ee46891934eb20540d0feabe27, type: 3}
      propertyPath: m_LocalEulerAnglesHint.y
      value: -94.32413
      objectReference: {fileID: 0}
    - target: {fileID: 400094, guid: 6521b4ee46891934eb20540d0feabe27, type: 3}
      propertyPath: m_LocalEulerAnglesHint.z
      value: -14.2294655
      objectReference: {fileID: 0}
    - target: {fileID: 400096, guid: 6521b4ee46891934eb20540d0feabe27, type: 3}
      propertyPath: m_LocalEulerAnglesHint.x
      value: 0.69220626
      objectReference: {fileID: 0}
    - target: {fileID: 400096, guid: 6521b4ee46891934eb20540d0feabe27, type: 3}
      propertyPath: m_LocalEulerAnglesHint.y
      value: 0.36360648
      objectReference: {fileID: 0}
    - target: {fileID: 400096, guid: 6521b4ee46891934eb20540d0feabe27, type: 3}
      propertyPath: m_LocalEulerAnglesHint.z
      value: -56.86255
      objectReference: {fileID: 0}
    - target: {fileID: 400098, guid: 6521b4ee46891934eb20540d0feabe27, type: 3}
      propertyPath: m_LocalEulerAnglesHint.x
      value: -0.6262008
      objectReference: {fileID: 0}
    - target: {fileID: 400098, guid: 6521b4ee46891934eb20540d0feabe27, type: 3}
      propertyPath: m_LocalEulerAnglesHint.y
      value: -90.15196
      objectReference: {fileID: 0}
    - target: {fileID: 400098, guid: 6521b4ee46891934eb20540d0feabe27, type: 3}
      propertyPath: m_LocalEulerAnglesHint.z
      value: 132.21301
      objectReference: {fileID: 0}
    - target: {fileID: 400100, guid: 6521b4ee46891934eb20540d0feabe27, type: 3}
      propertyPath: m_LocalEulerAnglesHint.x
      value: 3.0790098
      objectReference: {fileID: 0}
    - target: {fileID: 400100, guid: 6521b4ee46891934eb20540d0feabe27, type: 3}
      propertyPath: m_LocalEulerAnglesHint.y
      value: 0.27941084
      objectReference: {fileID: 0}
    - target: {fileID: 400100, guid: 6521b4ee46891934eb20540d0feabe27, type: 3}
      propertyPath: m_LocalEulerAnglesHint.z
      value: -37.746944
      objectReference: {fileID: 0}
    - target: {fileID: 400102, guid: 6521b4ee46891934eb20540d0feabe27, type: 3}
      propertyPath: m_LocalEulerAnglesHint.x
      value: -2.9007735
      objectReference: {fileID: 0}
    - target: {fileID: 400102, guid: 6521b4ee46891934eb20540d0feabe27, type: 3}
      propertyPath: m_LocalEulerAnglesHint.y
      value: -88.056915
      objectReference: {fileID: 0}
    - target: {fileID: 400102, guid: 6521b4ee46891934eb20540d0feabe27, type: 3}
      propertyPath: m_LocalEulerAnglesHint.z
      value: 94.39406
      objectReference: {fileID: 0}
    - target: {fileID: 400104, guid: 6521b4ee46891934eb20540d0feabe27, type: 3}
      propertyPath: m_LocalEulerAnglesHint.x
      value: 6.0097213
      objectReference: {fileID: 0}
    - target: {fileID: 400104, guid: 6521b4ee46891934eb20540d0feabe27, type: 3}
      propertyPath: m_LocalEulerAnglesHint.y
      value: -0.8440847
      objectReference: {fileID: 0}
    - target: {fileID: 400104, guid: 6521b4ee46891934eb20540d0feabe27, type: 3}
      propertyPath: m_LocalEulerAnglesHint.z
      value: -26.154728
      objectReference: {fileID: 0}
    - target: {fileID: 400106, guid: 6521b4ee46891934eb20540d0feabe27, type: 3}
      propertyPath: m_LocalEulerAnglesHint.x
      value: -2.5072312
      objectReference: {fileID: 0}
    - target: {fileID: 400106, guid: 6521b4ee46891934eb20540d0feabe27, type: 3}
      propertyPath: m_LocalEulerAnglesHint.y
      value: -81.99443
      objectReference: {fileID: 0}
    - target: {fileID: 400106, guid: 6521b4ee46891934eb20540d0feabe27, type: 3}
      propertyPath: m_LocalEulerAnglesHint.z
      value: 67.99734
      objectReference: {fileID: 0}
    - target: {fileID: 400108, guid: 6521b4ee46891934eb20540d0feabe27, type: 3}
      propertyPath: m_LocalEulerAnglesHint.x
      value: 6.8146563
      objectReference: {fileID: 0}
    - target: {fileID: 400108, guid: 6521b4ee46891934eb20540d0feabe27, type: 3}
      propertyPath: m_LocalEulerAnglesHint.y
      value: -1.7688076
      objectReference: {fileID: 0}
    - target: {fileID: 400108, guid: 6521b4ee46891934eb20540d0feabe27, type: 3}
      propertyPath: m_LocalEulerAnglesHint.z
      value: -15.424509
      objectReference: {fileID: 0}
    - target: {fileID: 400110, guid: 6521b4ee46891934eb20540d0feabe27, type: 3}
      propertyPath: m_LocalEulerAnglesHint.x
      value: 1.683939
      objectReference: {fileID: 0}
    - target: {fileID: 400110, guid: 6521b4ee46891934eb20540d0feabe27, type: 3}
      propertyPath: m_LocalEulerAnglesHint.y
      value: -76.33726
      objectReference: {fileID: 0}
    - target: {fileID: 400110, guid: 6521b4ee46891934eb20540d0feabe27, type: 3}
      propertyPath: m_LocalEulerAnglesHint.z
      value: 52.63745
      objectReference: {fileID: 0}
    - target: {fileID: 400112, guid: 6521b4ee46891934eb20540d0feabe27, type: 3}
      propertyPath: m_LocalEulerAnglesHint.x
      value: 0.71693444
      objectReference: {fileID: 0}
    - target: {fileID: 400112, guid: 6521b4ee46891934eb20540d0feabe27, type: 3}
      propertyPath: m_LocalEulerAnglesHint.y
      value: 6.2005715
      objectReference: {fileID: 0}
    - target: {fileID: 400112, guid: 6521b4ee46891934eb20540d0feabe27, type: 3}
      propertyPath: m_LocalEulerAnglesHint.z
      value: 18.436584
      objectReference: {fileID: 0}
    - target: {fileID: 400114, guid: 6521b4ee46891934eb20540d0feabe27, type: 3}
      propertyPath: m_LocalEulerAnglesHint.x
      value: -2.8086703
      objectReference: {fileID: 0}
    - target: {fileID: 400114, guid: 6521b4ee46891934eb20540d0feabe27, type: 3}
      propertyPath: m_LocalEulerAnglesHint.y
      value: -72.00286
      objectReference: {fileID: 0}
    - target: {fileID: 400114, guid: 6521b4ee46891934eb20540d0feabe27, type: 3}
      propertyPath: m_LocalEulerAnglesHint.z
      value: 70.99258
      objectReference: {fileID: 0}
    - target: {fileID: 400116, guid: 6521b4ee46891934eb20540d0feabe27, type: 3}
      propertyPath: m_LocalEulerAnglesHint.x
      value: -1.1405784
      objectReference: {fileID: 0}
    - target: {fileID: 400116, guid: 6521b4ee46891934eb20540d0feabe27, type: 3}
      propertyPath: m_LocalEulerAnglesHint.y
      value: 3.8862016
      objectReference: {fileID: 0}
    - target: {fileID: 400116, guid: 6521b4ee46891934eb20540d0feabe27, type: 3}
      propertyPath: m_LocalEulerAnglesHint.z
      value: 4.935025
      objectReference: {fileID: 0}
    - target: {fileID: 400118, guid: 6521b4ee46891934eb20540d0feabe27, type: 3}
      propertyPath: m_LocalEulerAnglesHint.x
      value: -6.8542433
      objectReference: {fileID: 0}
    - target: {fileID: 400118, guid: 6521b4ee46891934eb20540d0feabe27, type: 3}
      propertyPath: m_LocalEulerAnglesHint.y
      value: -71.81541
      objectReference: {fileID: 0}
    - target: {fileID: 400118, guid: 6521b4ee46891934eb20540d0feabe27, type: 3}
      propertyPath: m_LocalEulerAnglesHint.z
      value: 75.9505
      objectReference: {fileID: 0}
    - target: {fileID: 400120, guid: 6521b4ee46891934eb20540d0feabe27, type: 3}
      propertyPath: m_LocalEulerAnglesHint.x
      value: -12.767499
      objectReference: {fileID: 0}
    - target: {fileID: 400120, guid: 6521b4ee46891934eb20540d0feabe27, type: 3}
      propertyPath: m_LocalEulerAnglesHint.y
      value: 6.6329417
      objectReference: {fileID: 0}
    - target: {fileID: 400120, guid: 6521b4ee46891934eb20540d0feabe27, type: 3}
      propertyPath: m_LocalEulerAnglesHint.z
      value: 16.10446
      objectReference: {fileID: 0}
    - target: {fileID: 400122, guid: 6521b4ee46891934eb20540d0feabe27, type: 3}
      propertyPath: m_LocalEulerAnglesHint.x
      value: -16.103943
      objectReference: {fileID: 0}
    - target: {fileID: 400122, guid: 6521b4ee46891934eb20540d0feabe27, type: 3}
      propertyPath: m_LocalEulerAnglesHint.y
      value: -83.04121
      objectReference: {fileID: 0}
    - target: {fileID: 400122, guid: 6521b4ee46891934eb20540d0feabe27, type: 3}
      propertyPath: m_LocalEulerAnglesHint.z
      value: 95.04616
      objectReference: {fileID: 0}
    - target: {fileID: 400124, guid: 6521b4ee46891934eb20540d0feabe27, type: 3}
      propertyPath: m_LocalEulerAnglesHint.x
      value: 1.1691045
      objectReference: {fileID: 0}
    - target: {fileID: 400124, guid: 6521b4ee46891934eb20540d0feabe27, type: 3}
      propertyPath: m_LocalEulerAnglesHint.y
      value: 0.8946019
      objectReference: {fileID: 0}
    - target: {fileID: 400124, guid: 6521b4ee46891934eb20540d0feabe27, type: 3}
      propertyPath: m_LocalEulerAnglesHint.z
      value: -38.98527
      objectReference: {fileID: 0}
    - target: {fileID: 400126, guid: 6521b4ee46891934eb20540d0feabe27, type: 3}
      propertyPath: m_LocalEulerAnglesHint.x
      value: -8.137595
      objectReference: {fileID: 0}
    - target: {fileID: 400126, guid: 6521b4ee46891934eb20540d0feabe27, type: 3}
      propertyPath: m_LocalEulerAnglesHint.y
      value: 21.175905
      objectReference: {fileID: 0}
    - target: {fileID: 400126, guid: 6521b4ee46891934eb20540d0feabe27, type: 3}
      propertyPath: m_LocalEulerAnglesHint.z
      value: 10.898268
      objectReference: {fileID: 0}
    - target: {fileID: 400128, guid: 6521b4ee46891934eb20540d0feabe27, type: 3}
      propertyPath: m_LocalEulerAnglesHint.x
      value: -52.178406
      objectReference: {fileID: 0}
    - target: {fileID: 400128, guid: 6521b4ee46891934eb20540d0feabe27, type: 3}
      propertyPath: m_LocalEulerAnglesHint.y
      value: -87.71561
      objectReference: {fileID: 0}
    - target: {fileID: 400128, guid: 6521b4ee46891934eb20540d0feabe27, type: 3}
      propertyPath: m_LocalEulerAnglesHint.z
      value: 166.55653
      objectReference: {fileID: 0}
    - target: {fileID: 400130, guid: 6521b4ee46891934eb20540d0feabe27, type: 3}
      propertyPath: m_LocalEulerAnglesHint.x
      value: -1.013383
      objectReference: {fileID: 0}
    - target: {fileID: 400130, guid: 6521b4ee46891934eb20540d0feabe27, type: 3}
      propertyPath: m_LocalEulerAnglesHint.y
      value: -90.75153
      objectReference: {fileID: 0}
    - target: {fileID: 400130, guid: 6521b4ee46891934eb20540d0feabe27, type: 3}
      propertyPath: m_LocalEulerAnglesHint.z
      value: 150.09026
      objectReference: {fileID: 0}
    - target: {fileID: 400132, guid: 6521b4ee46891934eb20540d0feabe27, type: 3}
      propertyPath: m_LocalEulerAnglesHint.x
      value: 5.6000824
      objectReference: {fileID: 0}
    - target: {fileID: 400132, guid: 6521b4ee46891934eb20540d0feabe27, type: 3}
      propertyPath: m_LocalEulerAnglesHint.y
      value: 3.7935686
      objectReference: {fileID: 0}
    - target: {fileID: 400132, guid: 6521b4ee46891934eb20540d0feabe27, type: 3}
      propertyPath: m_LocalEulerAnglesHint.z
      value: -24.956928
      objectReference: {fileID: 0}
    - target: {fileID: 400134, guid: 6521b4ee46891934eb20540d0feabe27, type: 3}
      propertyPath: m_LocalEulerAnglesHint.x
      value: -7.7565937
      objectReference: {fileID: 0}
    - target: {fileID: 400134, guid: 6521b4ee46891934eb20540d0feabe27, type: 3}
      propertyPath: m_LocalEulerAnglesHint.y
      value: -91.23826
      objectReference: {fileID: 0}
    - target: {fileID: 400134, guid: 6521b4ee46891934eb20540d0feabe27, type: 3}
      propertyPath: m_LocalEulerAnglesHint.z
      value: 124.98501
      objectReference: {fileID: 0}
    - target: {fileID: 400136, guid: 6521b4ee46891934eb20540d0feabe27, type: 3}
      propertyPath: m_LocalEulerAnglesHint.x
      value: 7.4109273
      objectReference: {fileID: 0}
    - target: {fileID: 400136, guid: 6521b4ee46891934eb20540d0feabe27, type: 3}
      propertyPath: m_LocalEulerAnglesHint.y
      value: -4.637433
      objectReference: {fileID: 0}
    - target: {fileID: 400136, guid: 6521b4ee46891934eb20540d0feabe27, type: 3}
      propertyPath: m_LocalEulerAnglesHint.z
      value: -18.763824
      objectReference: {fileID: 0}
    - target: {fileID: 400138, guid: 6521b4ee46891934eb20540d0feabe27, type: 3}
      propertyPath: m_LocalEulerAnglesHint.x
      value: -8.139939
      objectReference: {fileID: 0}
    - target: {fileID: 400138, guid: 6521b4ee46891934eb20540d0feabe27, type: 3}
      propertyPath: m_LocalEulerAnglesHint.y
      value: -82.42645
      objectReference: {fileID: 0}
    - target: {fileID: 400138, guid: 6521b4ee46891934eb20540d0feabe27, type: 3}
      propertyPath: m_LocalEulerAnglesHint.z
      value: 105.30083
      objectReference: {fileID: 0}
    - target: {fileID: 400140, guid: 6521b4ee46891934eb20540d0feabe27, type: 3}
      propertyPath: m_LocalEulerAnglesHint.x
      value: 8.557253
      objectReference: {fileID: 0}
    - target: {fileID: 400140, guid: 6521b4ee46891934eb20540d0feabe27, type: 3}
      propertyPath: m_LocalEulerAnglesHint.y
      value: -11.997466
      objectReference: {fileID: 0}
    - target: {fileID: 400140, guid: 6521b4ee46891934eb20540d0feabe27, type: 3}
      propertyPath: m_LocalEulerAnglesHint.z
      value: -18.490587
      objectReference: {fileID: 0}
    - target: {fileID: 400142, guid: 6521b4ee46891934eb20540d0feabe27, type: 3}
      propertyPath: m_LocalEulerAnglesHint.x
      value: 1.1714063
      objectReference: {fileID: 0}
    - target: {fileID: 400142, guid: 6521b4ee46891934eb20540d0feabe27, type: 3}
      propertyPath: m_LocalEulerAnglesHint.y
      value: -71.01778
      objectReference: {fileID: 0}
    - target: {fileID: 400142, guid: 6521b4ee46891934eb20540d0feabe27, type: 3}
      propertyPath: m_LocalEulerAnglesHint.z
      value: 87.01315
      objectReference: {fileID: 0}
    - target: {fileID: 400144, guid: 6521b4ee46891934eb20540d0feabe27, type: 3}
      propertyPath: m_LocalEulerAnglesHint.x
      value: 6.857234
      objectReference: {fileID: 0}
    - target: {fileID: 400144, guid: 6521b4ee46891934eb20540d0feabe27, type: 3}
      propertyPath: m_LocalEulerAnglesHint.y
      value: -11.982405
      objectReference: {fileID: 0}
    - target: {fileID: 400144, guid: 6521b4ee46891934eb20540d0feabe27, type: 3}
      propertyPath: m_LocalEulerAnglesHint.z
      value: -28.540905
      objectReference: {fileID: 0}
    - target: {fileID: 400146, guid: 6521b4ee46891934eb20540d0feabe27, type: 3}
      propertyPath: m_LocalEulerAnglesHint.x
      value: 13.407677
      objectReference: {fileID: 0}
    - target: {fileID: 400146, guid: 6521b4ee46891934eb20540d0feabe27, type: 3}
      propertyPath: m_LocalEulerAnglesHint.y
      value: -64.61391
      objectReference: {fileID: 0}
    - target: {fileID: 400146, guid: 6521b4ee46891934eb20540d0feabe27, type: 3}
      propertyPath: m_LocalEulerAnglesHint.z
      value: 60.010853
      objectReference: {fileID: 0}
    - target: {fileID: 400148, guid: 6521b4ee46891934eb20540d0feabe27, type: 3}
      propertyPath: m_LocalEulerAnglesHint.x
      value: 9.646051
      objectReference: {fileID: 0}
    - target: {fileID: 400148, guid: 6521b4ee46891934eb20540d0feabe27, type: 3}
      propertyPath: m_LocalEulerAnglesHint.y
      value: 5.4274054
      objectReference: {fileID: 0}
    - target: {fileID: 400148, guid: 6521b4ee46891934eb20540d0feabe27, type: 3}
      propertyPath: m_LocalEulerAnglesHint.z
      value: 9.24788
      objectReference: {fileID: 0}
    - target: {fileID: 400150, guid: 6521b4ee46891934eb20540d0feabe27, type: 3}
      propertyPath: m_LocalEulerAnglesHint.x
      value: 13.325551
      objectReference: {fileID: 0}
    - target: {fileID: 400150, guid: 6521b4ee46891934eb20540d0feabe27, type: 3}
      propertyPath: m_LocalEulerAnglesHint.y
      value: -53.24988
      objectReference: {fileID: 0}
    - target: {fileID: 400150, guid: 6521b4ee46891934eb20540d0feabe27, type: 3}
      propertyPath: m_LocalEulerAnglesHint.z
      value: 71.43573
      objectReference: {fileID: 0}
    - target: {fileID: 400152, guid: 6521b4ee46891934eb20540d0feabe27, type: 3}
      propertyPath: m_LocalEulerAnglesHint.x
      value: 5.6693153
      objectReference: {fileID: 0}
    - target: {fileID: 400152, guid: 6521b4ee46891934eb20540d0feabe27, type: 3}
      propertyPath: m_LocalEulerAnglesHint.y
      value: 17.952913
      objectReference: {fileID: 0}
    - target: {fileID: 400152, guid: 6521b4ee46891934eb20540d0feabe27, type: 3}
      propertyPath: m_LocalEulerAnglesHint.z
      value: 19.366898
      objectReference: {fileID: 0}
    - target: {fileID: 400154, guid: 6521b4ee46891934eb20540d0feabe27, type: 3}
      propertyPath: m_LocalEulerAnglesHint.x
      value: -1.9568149
      objectReference: {fileID: 0}
    - target: {fileID: 400154, guid: 6521b4ee46891934eb20540d0feabe27, type: 3}
      propertyPath: m_LocalEulerAnglesHint.y
      value: -42.21465
      objectReference: {fileID: 0}
    - target: {fileID: 400154, guid: 6521b4ee46891934eb20540d0feabe27, type: 3}
      propertyPath: m_LocalEulerAnglesHint.z
      value: 91.01239
      objectReference: {fileID: 0}
    - target: {fileID: 400156, guid: 6521b4ee46891934eb20540d0feabe27, type: 3}
      propertyPath: m_LocalEulerAnglesHint.x
      value: 2.9936461
      objectReference: {fileID: 0}
    - target: {fileID: 400156, guid: 6521b4ee46891934eb20540d0feabe27, type: 3}
      propertyPath: m_LocalEulerAnglesHint.y
      value: 20.357437
      objectReference: {fileID: 0}
    - target: {fileID: 400156, guid: 6521b4ee46891934eb20540d0feabe27, type: 3}
      propertyPath: m_LocalEulerAnglesHint.z
      value: 15.868356
      objectReference: {fileID: 0}
    - target: {fileID: 400158, guid: 6521b4ee46891934eb20540d0feabe27, type: 3}
      propertyPath: m_LocalEulerAnglesHint.x
      value: -22.335842
      objectReference: {fileID: 0}
    - target: {fileID: 400158, guid: 6521b4ee46891934eb20540d0feabe27, type: 3}
      propertyPath: m_LocalEulerAnglesHint.y
      value: -39.35903
      objectReference: {fileID: 0}
    - target: {fileID: 400158, guid: 6521b4ee46891934eb20540d0feabe27, type: 3}
      propertyPath: m_LocalEulerAnglesHint.z
      value: 105.73234
      objectReference: {fileID: 0}
    - target: {fileID: 400160, guid: 6521b4ee46891934eb20540d0feabe27, type: 3}
      propertyPath: m_LocalEulerAnglesHint.x
      value: -3.9847736
      objectReference: {fileID: 0}
    - target: {fileID: 400160, guid: 6521b4ee46891934eb20540d0feabe27, type: 3}
      propertyPath: m_LocalEulerAnglesHint.y
      value: 25.904596
      objectReference: {fileID: 0}
    - target: {fileID: 400160, guid: 6521b4ee46891934eb20540d0feabe27, type: 3}
      propertyPath: m_LocalEulerAnglesHint.z
      value: 13.541299
      objectReference: {fileID: 0}
    - target: {fileID: 400162, guid: 6521b4ee46891934eb20540d0feabe27, type: 3}
      propertyPath: m_LocalEulerAnglesHint.x
      value: -45.36616
      objectReference: {fileID: 0}
    - target: {fileID: 400162, guid: 6521b4ee46891934eb20540d0feabe27, type: 3}
      propertyPath: m_LocalEulerAnglesHint.y
      value: -54.630577
      objectReference: {fileID: 0}
    - target: {fileID: 400162, guid: 6521b4ee46891934eb20540d0feabe27, type: 3}
      propertyPath: m_LocalEulerAnglesHint.z
      value: 128.90671
      objectReference: {fileID: 0}
    - target: {fileID: 400164, guid: 6521b4ee46891934eb20540d0feabe27, type: 3}
      propertyPath: m_LocalEulerAnglesHint.x
      value: -0.7713996
      objectReference: {fileID: 0}
    - target: {fileID: 400164, guid: 6521b4ee46891934eb20540d0feabe27, type: 3}
      propertyPath: m_LocalEulerAnglesHint.y
      value: -0.6027062
      objectReference: {fileID: 0}
    - target: {fileID: 400164, guid: 6521b4ee46891934eb20540d0feabe27, type: 3}
      propertyPath: m_LocalEulerAnglesHint.z
      value: -56.245243
      objectReference: {fileID: 0}
    - target: {fileID: 400166, guid: 6521b4ee46891934eb20540d0feabe27, type: 3}
      propertyPath: m_LocalEulerAnglesHint.x
      value: 0.6666739
      objectReference: {fileID: 0}
    - target: {fileID: 400166, guid: 6521b4ee46891934eb20540d0feabe27, type: 3}
      propertyPath: m_LocalEulerAnglesHint.y
      value: -88.96689
      objectReference: {fileID: 0}
    - target: {fileID: 400166, guid: 6521b4ee46891934eb20540d0feabe27, type: 3}
      propertyPath: m_LocalEulerAnglesHint.z
      value: 132.83008
      objectReference: {fileID: 0}
    - target: {fileID: 400168, guid: 6521b4ee46891934eb20540d0feabe27, type: 3}
      propertyPath: m_LocalEulerAnglesHint.x
      value: -1.4705203
      objectReference: {fileID: 0}
    - target: {fileID: 400168, guid: 6521b4ee46891934eb20540d0feabe27, type: 3}
      propertyPath: m_LocalEulerAnglesHint.y
      value: -4.59463
      objectReference: {fileID: 0}
    - target: {fileID: 400168, guid: 6521b4ee46891934eb20540d0feabe27, type: 3}
      propertyPath: m_LocalEulerAnglesHint.z
      value: -32.78659
      objectReference: {fileID: 0}
    - target: {fileID: 400170, guid: 6521b4ee46891934eb20540d0feabe27, type: 3}
      propertyPath: m_LocalEulerAnglesHint.x
      value: 5.0349207
      objectReference: {fileID: 0}
    - target: {fileID: 400170, guid: 6521b4ee46891934eb20540d0feabe27, type: 3}
      propertyPath: m_LocalEulerAnglesHint.y
      value: -86.91766
      objectReference: {fileID: 0}
    - target: {fileID: 400170, guid: 6521b4ee46891934eb20540d0feabe27, type: 3}
      propertyPath: m_LocalEulerAnglesHint.z
      value: 100.086494
      objectReference: {fileID: 0}
    - target: {fileID: 400172, guid: 6521b4ee46891934eb20540d0feabe27, type: 3}
      propertyPath: m_LocalEulerAnglesHint.x
      value: 0.24074528
      objectReference: {fileID: 0}
    - target: {fileID: 400172, guid: 6521b4ee46891934eb20540d0feabe27, type: 3}
      propertyPath: m_LocalEulerAnglesHint.y
      value: -8.737806
      objectReference: {fileID: 0}
    - target: {fileID: 400172, guid: 6521b4ee46891934eb20540d0feabe27, type: 3}
      propertyPath: m_LocalEulerAnglesHint.z
      value: -16.833889
      objectReference: {fileID: 0}
    - target: {fileID: 400174, guid: 6521b4ee46891934eb20540d0feabe27, type: 3}
      propertyPath: m_LocalEulerAnglesHint.x
      value: 13.591459
      objectReference: {fileID: 0}
    - target: {fileID: 400174, guid: 6521b4ee46891934eb20540d0feabe27, type: 3}
      propertyPath: m_LocalEulerAnglesHint.y
      value: -85.10526
      objectReference: {fileID: 0}
    - target: {fileID: 400174, guid: 6521b4ee46891934eb20540d0feabe27, type: 3}
      propertyPath: m_LocalEulerAnglesHint.z
      value: 83.565155
      objectReference: {fileID: 0}
    - target: {fileID: 400176, guid: 6521b4ee46891934eb20540d0feabe27, type: 3}
      propertyPath: m_LocalEulerAnglesHint.x
      value: 2.875063
      objectReference: {fileID: 0}
    - target: {fileID: 400176, guid: 6521b4ee46891934eb20540d0feabe27, type: 3}
      propertyPath: m_LocalEulerAnglesHint.y
      value: -6.568788
      objectReference: {fileID: 0}
    - target: {fileID: 400176, guid: 6521b4ee46891934eb20540d0feabe27, type: 3}
      propertyPath: m_LocalEulerAnglesHint.z
      value: -6.9964757
      objectReference: {fileID: 0}
    - target: {fileID: 400178, guid: 6521b4ee46891934eb20540d0feabe27, type: 3}
      propertyPath: m_LocalEulerAnglesHint.x
      value: 20.424782
      objectReference: {fileID: 0}
    - target: {fileID: 400178, guid: 6521b4ee46891934eb20540d0feabe27, type: 3}
      propertyPath: m_LocalEulerAnglesHint.y
      value: -82.84022
      objectReference: {fileID: 0}
    - target: {fileID: 400178, guid: 6521b4ee46891934eb20540d0feabe27, type: 3}
      propertyPath: m_LocalEulerAnglesHint.z
      value: 77.3975
      objectReference: {fileID: 0}
    - target: {fileID: 400180, guid: 6521b4ee46891934eb20540d0feabe27, type: 3}
      propertyPath: m_LocalEulerAnglesHint.x
      value: 9.501058
      objectReference: {fileID: 0}
    - target: {fileID: 400180, guid: 6521b4ee46891934eb20540d0feabe27, type: 3}
      propertyPath: m_LocalEulerAnglesHint.y
      value: 9.893863
      objectReference: {fileID: 0}
    - target: {fileID: 400180, guid: 6521b4ee46891934eb20540d0feabe27, type: 3}
      propertyPath: m_LocalEulerAnglesHint.z
      value: 23.683834
      objectReference: {fileID: 0}
    - target: {fileID: 400182, guid: 6521b4ee46891934eb20540d0feabe27, type: 3}
      propertyPath: m_LocalEulerAnglesHint.x
      value: 12.581962
      objectReference: {fileID: 0}
    - target: {fileID: 400182, guid: 6521b4ee46891934eb20540d0feabe27, type: 3}
      propertyPath: m_LocalEulerAnglesHint.y
      value: -71.131454
      objectReference: {fileID: 0}
    - target: {fileID: 400182, guid: 6521b4ee46891934eb20540d0feabe27, type: 3}
      propertyPath: m_LocalEulerAnglesHint.z
      value: 103.601776
      objectReference: {fileID: 0}
    - target: {fileID: 400184, guid: 6521b4ee46891934eb20540d0feabe27, type: 3}
      propertyPath: m_LocalEulerAnglesHint.x
      value: 1.3700807
      objectReference: {fileID: 0}
    - target: {fileID: 400184, guid: 6521b4ee46891934eb20540d0feabe27, type: 3}
      propertyPath: m_LocalEulerAnglesHint.y
      value: 7.943988
      objectReference: {fileID: 0}
    - target: {fileID: 400184, guid: 6521b4ee46891934eb20540d0feabe27, type: 3}
      propertyPath: m_LocalEulerAnglesHint.z
      value: 7.4797955
      objectReference: {fileID: 0}
    - target: {fileID: 400186, guid: 6521b4ee46891934eb20540d0feabe27, type: 3}
      propertyPath: m_LocalEulerAnglesHint.x
      value: 4.5385823
      objectReference: {fileID: 0}
    - target: {fileID: 400186, guid: 6521b4ee46891934eb20540d0feabe27, type: 3}
      propertyPath: m_LocalEulerAnglesHint.y
      value: -71.66328
      objectReference: {fileID: 0}
    - target: {fileID: 400186, guid: 6521b4ee46891934eb20540d0feabe27, type: 3}
      propertyPath: m_LocalEulerAnglesHint.z
      value: 110.90709
      objectReference: {fileID: 0}
    - target: {fileID: 400188, guid: 6521b4ee46891934eb20540d0feabe27, type: 3}
      propertyPath: m_LocalEulerAnglesHint.x
      value: -5.6062727
      objectReference: {fileID: 0}
    - target: {fileID: 400188, guid: 6521b4ee46891934eb20540d0feabe27, type: 3}
      propertyPath: m_LocalEulerAnglesHint.y
      value: 8.10872
      objectReference: {fileID: 0}
    - target: {fileID: 400188, guid: 6521b4ee46891934eb20540d0feabe27, type: 3}
      propertyPath: m_LocalEulerAnglesHint.z
      value: 17.574883
      objectReference: {fileID: 0}
    - target: {fileID: 400190, guid: 6521b4ee46891934eb20540d0feabe27, type: 3}
      propertyPath: m_LocalEulerAnglesHint.x
      value: -1.0317551
      objectReference: {fileID: 0}
    - target: {fileID: 400190, guid: 6521b4ee46891934eb20540d0feabe27, type: 3}
      propertyPath: m_LocalEulerAnglesHint.y
      value: -79.79081
      objectReference: {fileID: 0}
    - target: {fileID: 400190, guid: 6521b4ee46891934eb20540d0feabe27, type: 3}
      propertyPath: m_LocalEulerAnglesHint.z
      value: 128.63023
      objectReference: {fileID: 0}
    - target: {fileID: 400192, guid: 6521b4ee46891934eb20540d0feabe27, type: 3}
      propertyPath: m_LocalEulerAnglesHint.x
      value: -0.7570069
      objectReference: {fileID: 0}
    - target: {fileID: 400192, guid: 6521b4ee46891934eb20540d0feabe27, type: 3}
      propertyPath: m_LocalEulerAnglesHint.y
      value: -1.1358036
      objectReference: {fileID: 0}
    - target: {fileID: 400192, guid: 6521b4ee46891934eb20540d0feabe27, type: 3}
      propertyPath: m_LocalEulerAnglesHint.z
      value: -38.79153
      objectReference: {fileID: 0}
    - target: {fileID: 400194, guid: 6521b4ee46891934eb20540d0feabe27, type: 3}
      propertyPath: m_LocalEulerAnglesHint.x
      value: -17.313911
      objectReference: {fileID: 0}
    - target: {fileID: 400194, guid: 6521b4ee46891934eb20540d0feabe27, type: 3}
      propertyPath: m_LocalEulerAnglesHint.y
      value: 3.868033
      objectReference: {fileID: 0}
    - target: {fileID: 400194, guid: 6521b4ee46891934eb20540d0feabe27, type: 3}
      propertyPath: m_LocalEulerAnglesHint.z
      value: 29.445684
      objectReference: {fileID: 0}
    - target: {fileID: 400196, guid: 6521b4ee46891934eb20540d0feabe27, type: 3}
      propertyPath: m_LocalEulerAnglesHint.x
      value: 23.644331
      objectReference: {fileID: 0}
    - target: {fileID: 400196, guid: 6521b4ee46891934eb20540d0feabe27, type: 3}
      propertyPath: m_LocalEulerAnglesHint.y
      value: -94.61242
      objectReference: {fileID: 0}
    - target: {fileID: 400196, guid: 6521b4ee46891934eb20540d0feabe27, type: 3}
      propertyPath: m_LocalEulerAnglesHint.z
      value: -122.2386
      objectReference: {fileID: 0}
    - target: {fileID: 400198, guid: 6521b4ee46891934eb20540d0feabe27, type: 3}
      propertyPath: m_LocalEulerAnglesHint.x
      value: 0.5683826
      objectReference: {fileID: 0}
    - target: {fileID: 400198, guid: 6521b4ee46891934eb20540d0feabe27, type: 3}
      propertyPath: m_LocalEulerAnglesHint.y
      value: -88.44275
      objectReference: {fileID: 0}
    - target: {fileID: 400198, guid: 6521b4ee46891934eb20540d0feabe27, type: 3}
      propertyPath: m_LocalEulerAnglesHint.z
      value: 150.28233
      objectReference: {fileID: 0}
    - target: {fileID: 400200, guid: 6521b4ee46891934eb20540d0feabe27, type: 3}
      propertyPath: m_LocalEulerAnglesHint.x
      value: -1.7889467
      objectReference: {fileID: 0}
    - target: {fileID: 400200, guid: 6521b4ee46891934eb20540d0feabe27, type: 3}
      propertyPath: m_LocalEulerAnglesHint.y
      value: -5.8185797
      objectReference: {fileID: 0}
    - target: {fileID: 400200, guid: 6521b4ee46891934eb20540d0feabe27, type: 3}
      propertyPath: m_LocalEulerAnglesHint.z
      value: -23.221476
      objectReference: {fileID: 0}
    - target: {fileID: 400202, guid: 6521b4ee46891934eb20540d0feabe27, type: 3}
      propertyPath: m_LocalRotation.x
      value: -0.59437925
      objectReference: {fileID: 0}
    - target: {fileID: 400202, guid: 6521b4ee46891934eb20540d0feabe27, type: 3}
      propertyPath: m_LocalRotation.z
      value: 0.67063814
      objectReference: {fileID: 0}
    - target: {fileID: 400202, guid: 6521b4ee46891934eb20540d0feabe27, type: 3}
      propertyPath: m_LocalEulerAnglesHint.x
      value: 5.0027843
      objectReference: {fileID: 0}
    - target: {fileID: 400202, guid: 6521b4ee46891934eb20540d0feabe27, type: 3}
      propertyPath: m_LocalEulerAnglesHint.y
      value: -84.26768
      objectReference: {fileID: 0}
    - target: {fileID: 400202, guid: 6521b4ee46891934eb20540d0feabe27, type: 3}
      propertyPath: m_LocalEulerAnglesHint.z
      value: 127.17307
      objectReference: {fileID: 0}
    - target: {fileID: 400204, guid: 6521b4ee46891934eb20540d0feabe27, type: 3}
      propertyPath: m_LocalEulerAnglesHint.x
      value: 0.4038431
      objectReference: {fileID: 0}
    - target: {fileID: 400204, guid: 6521b4ee46891934eb20540d0feabe27, type: 3}
      propertyPath: m_LocalEulerAnglesHint.y
      value: -0.37433133
      objectReference: {fileID: 0}
    - target: {fileID: 400204, guid: 6521b4ee46891934eb20540d0feabe27, type: 3}
      propertyPath: m_LocalEulerAnglesHint.z
      value: -15.436845
      objectReference: {fileID: 0}
    - target: {fileID: 400206, guid: 6521b4ee46891934eb20540d0feabe27, type: 3}
      propertyPath: m_LocalEulerAnglesHint.x
      value: 5.0568194
      objectReference: {fileID: 0}
    - target: {fileID: 400206, guid: 6521b4ee46891934eb20540d0feabe27, type: 3}
      propertyPath: m_LocalEulerAnglesHint.y
      value: -83.71758
      objectReference: {fileID: 0}
    - target: {fileID: 400206, guid: 6521b4ee46891934eb20540d0feabe27, type: 3}
      propertyPath: m_LocalEulerAnglesHint.z
      value: 111.78577
      objectReference: {fileID: 0}
    - target: {fileID: 400208, guid: 6521b4ee46891934eb20540d0feabe27, type: 3}
      propertyPath: m_LocalEulerAnglesHint.x
      value: 2.03856
      objectReference: {fileID: 0}
    - target: {fileID: 400208, guid: 6521b4ee46891934eb20540d0feabe27, type: 3}
      propertyPath: m_LocalEulerAnglesHint.y
      value: 2.7057498
      objectReference: {fileID: 0}
    - target: {fileID: 400208, guid: 6521b4ee46891934eb20540d0feabe27, type: 3}
      propertyPath: m_LocalEulerAnglesHint.z
      value: -14.853144
      objectReference: {fileID: 0}
    - target: {fileID: 400210, guid: 6521b4ee46891934eb20540d0feabe27, type: 3}
      propertyPath: m_LocalEulerAnglesHint.x
      value: 1.7880137
      objectReference: {fileID: 0}
    - target: {fileID: 400210, guid: 6521b4ee46891934eb20540d0feabe27, type: 3}
      propertyPath: m_LocalEulerAnglesHint.y
      value: -82.82766
      objectReference: {fileID: 0}
    - target: {fileID: 400210, guid: 6521b4ee46891934eb20540d0feabe27, type: 3}
      propertyPath: m_LocalEulerAnglesHint.z
      value: 96.93761
      objectReference: {fileID: 0}
    - target: {fileID: 400212, guid: 6521b4ee46891934eb20540d0feabe27, type: 3}
      propertyPath: m_LocalEulerAnglesHint.x
      value: -0.078668445
      objectReference: {fileID: 0}
    - target: {fileID: 400212, guid: 6521b4ee46891934eb20540d0feabe27, type: 3}
      propertyPath: m_LocalEulerAnglesHint.y
      value: -6.9323955
      objectReference: {fileID: 0}
    - target: {fileID: 400212, guid: 6521b4ee46891934eb20540d0feabe27, type: 3}
      propertyPath: m_LocalEulerAnglesHint.z
      value: -21.833658
      objectReference: {fileID: 0}
    - target: {fileID: 400214, guid: 6521b4ee46891934eb20540d0feabe27, type: 3}
      propertyPath: m_LocalEulerAnglesHint.x
      value: 8.67883
      objectReference: {fileID: 0}
    - target: {fileID: 400214, guid: 6521b4ee46891934eb20540d0feabe27, type: 3}
      propertyPath: m_LocalEulerAnglesHint.y
      value: -82.06172
      objectReference: {fileID: 0}
    - target: {fileID: 400214, guid: 6521b4ee46891934eb20540d0feabe27, type: 3}
      propertyPath: m_LocalEulerAnglesHint.z
      value: 75.16911
      objectReference: {fileID: 0}
    - target: {fileID: 400216, guid: 6521b4ee46891934eb20540d0feabe27, type: 3}
      propertyPath: m_LocalEulerAnglesHint.x
      value: 3.084867
      objectReference: {fileID: 0}
    - target: {fileID: 400216, guid: 6521b4ee46891934eb20540d0feabe27, type: 3}
      propertyPath: m_LocalEulerAnglesHint.y
      value: 4.4936
      objectReference: {fileID: 0}
    - target: {fileID: 400216, guid: 6521b4ee46891934eb20540d0feabe27, type: 3}
      propertyPath: m_LocalEulerAnglesHint.z
      value: 18.265999
      objectReference: {fileID: 0}
    - target: {fileID: 400218, guid: 6521b4ee46891934eb20540d0feabe27, type: 3}
      propertyPath: m_LocalEulerAnglesHint.x
      value: 5.1100316
      objectReference: {fileID: 0}
    - target: {fileID: 400218, guid: 6521b4ee46891934eb20540d0feabe27, type: 3}
      propertyPath: m_LocalEulerAnglesHint.y
      value: -77.913605
      objectReference: {fileID: 0}
    - target: {fileID: 400218, guid: 6521b4ee46891934eb20540d0feabe27, type: 3}
      propertyPath: m_LocalEulerAnglesHint.z
      value: 93.81253
      objectReference: {fileID: 0}
    - target: {fileID: 400220, guid: 6521b4ee46891934eb20540d0feabe27, type: 3}
      propertyPath: m_LocalEulerAnglesHint.x
      value: -0.68025553
      objectReference: {fileID: 0}
    - target: {fileID: 400220, guid: 6521b4ee46891934eb20540d0feabe27, type: 3}
      propertyPath: m_LocalEulerAnglesHint.y
      value: 9.701634
      objectReference: {fileID: 0}
    - target: {fileID: 400220, guid: 6521b4ee46891934eb20540d0feabe27, type: 3}
      propertyPath: m_LocalEulerAnglesHint.z
      value: 34.775036
      objectReference: {fileID: 0}
    - target: {fileID: 400222, guid: 6521b4ee46891934eb20540d0feabe27, type: 3}
      propertyPath: m_LocalEulerAnglesHint.x
      value: -4.5246644
      objectReference: {fileID: 0}
    - target: {fileID: 400222, guid: 6521b4ee46891934eb20540d0feabe27, type: 3}
      propertyPath: m_LocalEulerAnglesHint.y
      value: -79.238625
      objectReference: {fileID: 0}
    - target: {fileID: 400222, guid: 6521b4ee46891934eb20540d0feabe27, type: 3}
      propertyPath: m_LocalEulerAnglesHint.z
      value: 128.63872
      objectReference: {fileID: 0}
    - target: {fileID: 400224, guid: 6521b4ee46891934eb20540d0feabe27, type: 3}
      propertyPath: m_LocalEulerAnglesHint.x
      value: -7.1574454
      objectReference: {fileID: 0}
    - target: {fileID: 400224, guid: 6521b4ee46891934eb20540d0feabe27, type: 3}
      propertyPath: m_LocalEulerAnglesHint.y
      value: 9.945851
      objectReference: {fileID: 0}
    - target: {fileID: 400224, guid: 6521b4ee46891934eb20540d0feabe27, type: 3}
      propertyPath: m_LocalEulerAnglesHint.z
      value: 36.422604
      objectReference: {fileID: 0}
    - target: {fileID: 400226, guid: 6521b4ee46891934eb20540d0feabe27, type: 3}
      propertyPath: m_LocalEulerAnglesHint.x
      value: -7.6418037
      objectReference: {fileID: 0}
    - target: {fileID: 400226, guid: 6521b4ee46891934eb20540d0feabe27, type: 3}
      propertyPath: m_LocalEulerAnglesHint.y
      value: -91.13596
      objectReference: {fileID: 0}
    - target: {fileID: 400226, guid: 6521b4ee46891934eb20540d0feabe27, type: 3}
      propertyPath: m_LocalEulerAnglesHint.z
      value: 166.951
      objectReference: {fileID: 0}
    - target: {fileID: 400228, guid: 6521b4ee46891934eb20540d0feabe27, type: 3}
      propertyPath: m_LocalEulerAnglesHint.x
      value: -15.584758
      objectReference: {fileID: 0}
    - target: {fileID: 400228, guid: 6521b4ee46891934eb20540d0feabe27, type: 3}
      propertyPath: m_LocalEulerAnglesHint.y
      value: 4.9330487
      objectReference: {fileID: 0}
    - target: {fileID: 400228, guid: 6521b4ee46891934eb20540d0feabe27, type: 3}
      propertyPath: m_LocalEulerAnglesHint.z
      value: 38.780403
      objectReference: {fileID: 0}
    - target: {fileID: 400230, guid: 6521b4ee46891934eb20540d0feabe27, type: 3}
      propertyPath: m_LocalEulerAnglesHint.x
      value: 6.5026116
      objectReference: {fileID: 0}
    - target: {fileID: 400230, guid: 6521b4ee46891934eb20540d0feabe27, type: 3}
      propertyPath: m_LocalEulerAnglesHint.y
      value: -99.314896
      objectReference: {fileID: 0}
    - target: {fileID: 400230, guid: 6521b4ee46891934eb20540d0feabe27, type: 3}
      propertyPath: m_LocalEulerAnglesHint.z
      value: -153.51085
      objectReference: {fileID: 0}
    - target: {fileID: 9500000, guid: 6521b4ee46891934eb20540d0feabe27, type: 3}
      propertyPath: m_Controller
      value: 
      objectReference: {fileID: 9100000, guid: 2b973b053fbebf843af68dfacb7b98e0, type: 2}
    - target: {fileID: 13700000, guid: 6521b4ee46891934eb20540d0feabe27, type: 3}
      propertyPath: m_Materials.Array.data[0]
      value: 
      objectReference: {fileID: 2100000, guid: fc1a8fd7ad4a3e14ca2e1b757197f5f4, type: 2}
    m_RemovedComponents: []
  m_SourcePrefab: {fileID: 100100000, guid: 6521b4ee46891934eb20540d0feabe27, type: 3}
--- !u!4 &9175078800263817128 stripped
Transform:
  m_CorrespondingSourceObject: {fileID: 400000, guid: 6521b4ee46891934eb20540d0feabe27,
    type: 3}
  m_PrefabInstance: {fileID: 9175078800264215848}
  m_PrefabAsset: {fileID: 0}
--- !u!95 &9175078800254814280 stripped
Animator:
  m_CorrespondingSourceObject: {fileID: 9500000, guid: 6521b4ee46891934eb20540d0feabe27,
    type: 3}
  m_PrefabInstance: {fileID: 9175078800264215848}
  m_PrefabAsset: {fileID: 0}
