%YAML 1.1
%TAG !u! tag:unity3d.com,2011:
--- !u!1 &1851999504137848013
GameObject:
  m_ObjectHideFlags: 0
  m_CorrespondingSourceObject: {fileID: 0}
  m_PrefabInstance: {fileID: 0}
  m_PrefabAsset: {fileID: 0}
  serializedVersion: 6
  m_Component:
  - component: {fileID: 2515993054331946746}
  m_Layer: 0
  m_Name: GameObject
  m_TagString: Untagged
  m_Icon: {fileID: 0}
  m_NavMeshLayer: 0
  m_StaticEditorFlags: 0
  m_IsActive: 1
--- !u!4 &2515993054331946746
Transform:
  m_ObjectHideFlags: 0
  m_CorrespondingSourceObject: {fileID: 0}
  m_PrefabInstance: {fileID: 0}
  m_PrefabAsset: {fileID: 0}
  m_GameObject: {fileID: 1851999504137848013}
  m_LocalRotation: {x: -0.020115009, y: 0.11085827, z: 0.73041177, w: 0.6736502}
  m_LocalPosition: {x: -0.063, y: -0.086, z: 0.029}
  m_LocalScale: {x: 1, y: 1, z: 1}
  m_Children: []
  m_Father: {fileID: 4934411979990700842}
  m_RootOrder: 2
  m_LocalEulerAnglesHint: {x: -10.897, y: 7.018, z: 93.96001}
--- !u!1 &2461661957402021121
GameObject:
  m_ObjectHideFlags: 0
  m_CorrespondingSourceObject: {fileID: 0}
  m_PrefabInstance: {fileID: 0}
  m_PrefabAsset: {fileID: 0}
  serializedVersion: 6
  m_Component:
  - component: {fileID: 3830956721184053045}
  - component: {fileID: 6517017286556067003}
  - component: {fileID: 8023931940297356023}
  m_Layer: 0
  m_Name: SM_Wep_Rifle_Trigger_01
  m_TagString: Untagged
  m_Icon: {fileID: 0}
  m_NavMeshLayer: 0
  m_StaticEditorFlags: 0
  m_IsActive: 1
--- !u!4 &3830956721184053045
Transform:
  m_ObjectHideFlags: 0
  m_CorrespondingSourceObject: {fileID: 0}
  m_PrefabInstance: {fileID: 0}
  m_PrefabAsset: {fileID: 0}
  m_GameObject: {fileID: 2461661957402021121}
  m_LocalRotation: {x: 0, y: -0, z: -0, w: 1}
  m_LocalPosition: {x: -0.000000005364418, y: 0.033808246, z: 0.066783324}
  m_LocalScale: {x: 1, y: 1, z: 1}
  m_Children: []
  m_Father: {fileID: 4934411979990700842}
  m_RootOrder: 1
  m_LocalEulerAnglesHint: {x: 0, y: 0, z: 0}
--- !u!33 &6517017286556067003
MeshFilter:
  m_ObjectHideFlags: 0
  m_CorrespondingSourceObject: {fileID: 0}
  m_PrefabInstance: {fileID: 0}
  m_PrefabAsset: {fileID: 0}
  m_GameObject: {fileID: 2461661957402021121}
  m_Mesh: {fileID: 4300004, guid: 387df2d7750e6ab4698e1e62a012af82, type: 3}
--- !u!23 &8023931940297356023
MeshRenderer:
  m_ObjectHideFlags: 0
  m_CorrespondingSourceObject: {fileID: 0}
  m_PrefabInstance: {fileID: 0}
  m_PrefabAsset: {fileID: 0}
  m_GameObject: {fileID: 2461661957402021121}
  m_Enabled: 1
  m_CastShadows: 1
  m_ReceiveShadows: 1
  m_DynamicOccludee: 1
  m_MotionVectors: 1
  m_LightProbeUsage: 1
  m_ReflectionProbeUsage: 1
  m_RayTracingMode: 2
  m_RenderingLayerMask: 1
  m_RendererPriority: 0
  m_Materials:
  - {fileID: 2100000, guid: 4cee7a5983b187943adc589b9cb1f084, type: 2}
  m_StaticBatchInfo:
    firstSubMesh: 0
    subMeshCount: 0
  m_StaticBatchRoot: {fileID: 0}
  m_ProbeAnchor: {fileID: 0}
  m_LightProbeVolumeOverride: {fileID: 0}
  m_ScaleInLightmap: 1
  m_ReceiveGI: 1
  m_PreserveUVs: 0
  m_IgnoreNormalsForChartDetection: 0
  m_ImportantGI: 0
  m_StitchLightmapSeams: 1
  m_SelectedEditorRenderState: 3
  m_MinimumChartSize: 4
  m_AutoUVMaxDistance: 0.5
  m_AutoUVMaxAngle: 89
  m_LightmapParameters: {fileID: 0}
  m_SortingLayerID: 0
  m_SortingLayer: 0
  m_SortingOrder: 0
--- !u!1 &2869952636615049436
GameObject:
  m_ObjectHideFlags: 0
  m_CorrespondingSourceObject: {fileID: 0}
  m_PrefabInstance: {fileID: 0}
  m_PrefabAsset: {fileID: 0}
  serializedVersion: 6
  m_Component:
  - component: {fileID: 2869952636615049432}
  - component: {fileID: -6319399603386373210}
  - component: {fileID: 4927953250802138285}
  - component: {fileID: 9090647696646867704}
  - component: {fileID: 6703422075276642040}
  - component: {fileID: 8805121457974488258}
  - component: {fileID: 2869952636615049435}
  - component: {fileID: -6134143988970488194}
  - component: {fileID: 4564814443774633871}
  - component: {fileID: 9112498235691759236}
  m_Layer: 9
  m_Name: BigAlien
  m_TagString: Untagged
  m_Icon: {fileID: 0}
  m_NavMeshLayer: 0
  m_StaticEditorFlags: 0
  m_IsActive: 1
--- !u!4 &2869952636615049432
Transform:
  m_ObjectHideFlags: 0
  m_CorrespondingSourceObject: {fileID: 0}
  m_PrefabInstance: {fileID: 0}
  m_PrefabAsset: {fileID: 0}
  m_GameObject: {fileID: 2869952636615049436}
  m_LocalRotation: {x: 0, y: 0, z: 0, w: 1}
  m_LocalPosition: {x: 0, y: 0, z: 0}
  m_LocalScale: {x: 1, y: 1, z: 1}
  m_Children:
  - {fileID: 8147276156324487802}
  - {fileID: 4270410292796469845}
  - {fileID: 5705511167331973558}
  - {fileID: 5099493913736771322}
  - {fileID: 1482770144796951273}
  m_Father: {fileID: 0}
  m_RootOrder: 0
  m_LocalEulerAnglesHint: {x: 0, y: 0, z: 0}
--- !u!114 &-6319399603386373210
MonoBehaviour:
  m_ObjectHideFlags: 0
  m_CorrespondingSourceObject: {fileID: 0}
  m_PrefabInstance: {fileID: 0}
  m_PrefabAsset: {fileID: 0}
  m_GameObject: {fileID: 2869952636615049436}
  m_Enabled: 1
  m_EditorHideFlags: 0
  m_Script: {fileID: 11500000, guid: ed66f3f49475b45068fd72d35b710e6d, type: 3}
  m_Name: 
  m_EditorClassIdentifier: 
  prefabName: Walking
  DamagePoint: {fileID: 2869952636724137098}
  Health: 1500
  MaxHealth: 1500
  healthBar: {fileID: 4149492623622103178}
  vFXManager: {fileID: 7966632155909402423}
  animation: {fileID: 4564814443774633871}
  isPlayer: 0
  enemyID: 0
--- !u!114 &4927953250802138285
MonoBehaviour:
  m_ObjectHideFlags: 0
  m_CorrespondingSourceObject: {fileID: 0}
  m_PrefabInstance: {fileID: 0}
  m_PrefabAsset: {fileID: 0}
  m_GameObject: {fileID: 2869952636615049436}
  m_Enabled: 1
  m_EditorHideFlags: 0
  m_Script: {fileID: 11500000, guid: 474aa26b62a2a4cdab246f7544a68bcf, type: 3}
  m_Name: 
  m_EditorClassIdentifier: 
  parameters:
    movementDisplacement: 1
    sleepTime: 2
  mask:
    serializedVersion: 2
    m_Bits: 256
  navMeshAgent: {fileID: 0}
--- !u!114 &9090647696646867704
MonoBehaviour:
  m_ObjectHideFlags: 0
  m_CorrespondingSourceObject: {fileID: 0}
  m_PrefabInstance: {fileID: 0}
  m_PrefabAsset: {fileID: 0}
  m_GameObject: {fileID: 2869952636615049436}
  m_Enabled: 1
  m_EditorHideFlags: 0
  m_Script: {fileID: 11500000, guid: 6ac5c14573feb4baabb1b02be8090d24, type: 3}
  m_Name: 
  m_EditorClassIdentifier: 
  parameters:
    health: 10
    damage: 2
--- !u!114 &6703422075276642040
MonoBehaviour:
  m_ObjectHideFlags: 0
  m_CorrespondingSourceObject: {fileID: 0}
  m_PrefabInstance: {fileID: 0}
  m_PrefabAsset: {fileID: 0}
  m_GameObject: {fileID: 2869952636615049436}
  m_Enabled: 1
  m_EditorHideFlags: 0
  m_Script: {fileID: 11500000, guid: a9acc856c156148ce9b612a80ad37029, type: 3}
  m_Name: 
  m_EditorClassIdentifier: 
  parameters:
    movementSpeed: 1
    position: {x: 0, y: 0, z: 0}
    rotation: {x: 0, y: 0, z: 0, w: 0}
--- !u!114 &8805121457974488258
MonoBehaviour:
  m_ObjectHideFlags: 0
  m_CorrespondingSourceObject: {fileID: 0}
  m_PrefabInstance: {fileID: 0}
  m_PrefabAsset: {fileID: 0}
  m_GameObject: {fileID: 2869952636615049436}
  m_Enabled: 1
  m_EditorHideFlags: 0
  m_Script: {fileID: 11500000, guid: 0e8d5af5ff6b74e4ea50194245b482e9, type: 3}
  m_Name: 
  m_EditorClassIdentifier: 
  parameters:
    shotFrequency: 1
  arms: {fileID: 4999447817744552561, guid: 24057e112b7df6347af5b170d7e44529, type: 3}
  shotPoint: {fileID: 4270410292796469845}
  Damage: 0
--- !u!54 &2869952636615049435
Rigidbody:
  m_ObjectHideFlags: 0
  m_CorrespondingSourceObject: {fileID: 0}
  m_PrefabInstance: {fileID: 0}
  m_PrefabAsset: {fileID: 0}
  m_GameObject: {fileID: 2869952636615049436}
  serializedVersion: 2
  m_Mass: 1
  m_Drag: 0
  m_AngularDrag: Infinity
  m_UseGravity: 0
  m_IsKinematic: 0
  m_Interpolate: 0
  m_Constraints: 84
  m_CollisionDetection: 0
--- !u!195 &-6134143988970488194
NavMeshAgent:
  m_ObjectHideFlags: 0
  m_CorrespondingSourceObject: {fileID: 0}
  m_PrefabInstance: {fileID: 0}
  m_PrefabAsset: {fileID: 0}
  m_GameObject: {fileID: 2869952636615049436}
  m_Enabled: 1
  m_AgentTypeID: 0
  m_Radius: 0.99
  m_Speed: 1
  m_Acceleration: 8
  avoidancePriority: 50
  m_AngularSpeed: 120
  m_StoppingDistance: 1
  m_AutoTraverseOffMeshLink: 1
  m_AutoBraking: 1
  m_AutoRepath: 1
  m_Height: 3.41
  m_BaseOffset: 0
  m_WalkableMask: 4294967295
  m_ObstacleAvoidanceType: 4
--- !u!114 &4564814443774633871
MonoBehaviour:
  m_ObjectHideFlags: 0
  m_CorrespondingSourceObject: {fileID: 0}
  m_PrefabInstance: {fileID: 0}
  m_PrefabAsset: {fileID: 0}
  m_GameObject: {fileID: 2869952636615049436}
  m_Enabled: 1
  m_EditorHideFlags: 0
  m_Script: {fileID: 11500000, guid: c4f7adbb3a4f112428a84569ec493708, type: 3}
  m_Name: 
  m_EditorClassIdentifier: 
  ForwardAnimationParameter: Forward
  DieAnimationParameter: Die
  AttackAnimationParametet: Attack
  animator: {fileID: 5651114635076705724}
--- !u!65 &9112498235691759236
BoxCollider:
  m_ObjectHideFlags: 0
  m_CorrespondingSourceObject: {fileID: 0}
  m_PrefabInstance: {fileID: 0}
  m_PrefabAsset: {fileID: 0}
  m_GameObject: {fileID: 2869952636615049436}
  m_Material: {fileID: 0}
  m_IsTrigger: 0
  m_Enabled: 1
  serializedVersion: 2
  m_Size: {x: 1.4150286, y: 3.0573144, z: 1}
  m_Center: {x: 0.022443652, y: 2.0083373, z: 0}
--- !u!1 &2869952636724137099
GameObject:
  m_ObjectHideFlags: 0
  m_CorrespondingSourceObject: {fileID: 0}
  m_PrefabInstance: {fileID: 0}
  m_PrefabAsset: {fileID: 0}
  serializedVersion: 6
  m_Component:
  - component: {fileID: 2869952636724137098}
  - component: {fileID: 2869952636724137092}
  - component: {fileID: 2869952636724137093}
  m_Layer: 0
  m_Name: Capsule
  m_TagString: Untagged
  m_Icon: {fileID: 0}
  m_NavMeshLayer: 0
  m_StaticEditorFlags: 0
  m_IsActive: 1
--- !u!4 &2869952636724137098
Transform:
  m_ObjectHideFlags: 0
  m_CorrespondingSourceObject: {fileID: 0}
  m_PrefabInstance: {fileID: 0}
  m_PrefabAsset: {fileID: 0}
  m_GameObject: {fileID: 2869952636724137099}
  m_LocalRotation: {x: -0, y: -0, z: -0, w: 1}
  m_LocalPosition: {x: 0, y: 1, z: 0}
  m_LocalScale: {x: 1, y: 1, z: 1}
  m_Children: []
  m_Father: {fileID: 8147276156324487802}
  m_RootOrder: 0
  m_LocalEulerAnglesHint: {x: 0, y: 0, z: 0}
--- !u!33 &2869952636724137092
MeshFilter:
  m_ObjectHideFlags: 0
  m_CorrespondingSourceObject: {fileID: 0}
  m_PrefabInstance: {fileID: 0}
  m_PrefabAsset: {fileID: 0}
  m_GameObject: {fileID: 2869952636724137099}
  m_Mesh: {fileID: 10208, guid: 0000000000000000e000000000000000, type: 0}
--- !u!23 &2869952636724137093
MeshRenderer:
  m_ObjectHideFlags: 0
  m_CorrespondingSourceObject: {fileID: 0}
  m_PrefabInstance: {fileID: 0}
  m_PrefabAsset: {fileID: 0}
  m_GameObject: {fileID: 2869952636724137099}
  m_Enabled: 1
  m_CastShadows: 1
  m_ReceiveShadows: 0
  m_DynamicOccludee: 0
  m_MotionVectors: 1
  m_LightProbeUsage: 1
  m_ReflectionProbeUsage: 1
  m_RayTracingMode: 2
  m_RenderingLayerMask: 1
  m_RendererPriority: 0
  m_Materials:
  - {fileID: 2100000, guid: 4bd2e083839f3433cae1be85a50274a0, type: 2}
  m_StaticBatchInfo:
    firstSubMesh: 0
    subMeshCount: 0
  m_StaticBatchRoot: {fileID: 0}
  m_ProbeAnchor: {fileID: 0}
  m_LightProbeVolumeOverride: {fileID: 0}
  m_ScaleInLightmap: 1
  m_ReceiveGI: 1
  m_PreserveUVs: 0
  m_IgnoreNormalsForChartDetection: 0
  m_ImportantGI: 0
  m_StitchLightmapSeams: 1
  m_SelectedEditorRenderState: 3
  m_MinimumChartSize: 4
  m_AutoUVMaxDistance: 0.5
  m_AutoUVMaxAngle: 89
  m_LightmapParameters: {fileID: 0}
  m_SortingLayerID: 0
  m_SortingLayer: 0
  m_SortingOrder: 0
--- !u!1 &3209960969939172366
GameObject:
  m_ObjectHideFlags: 0
  m_CorrespondingSourceObject: {fileID: 0}
  m_PrefabInstance: {fileID: 0}
  m_PrefabAsset: {fileID: 0}
  serializedVersion: 6
  m_Component:
  - component: {fileID: 4270410292796469845}
  m_Layer: 0
  m_Name: ShotPoint
  m_TagString: Untagged
  m_Icon: {fileID: 0}
  m_NavMeshLayer: 0
  m_StaticEditorFlags: 0
  m_IsActive: 1
--- !u!4 &4270410292796469845
Transform:
  m_ObjectHideFlags: 0
  m_CorrespondingSourceObject: {fileID: 0}
  m_PrefabInstance: {fileID: 0}
  m_PrefabAsset: {fileID: 0}
  m_GameObject: {fileID: 3209960969939172366}
  m_LocalRotation: {x: -0, y: -0, z: -0, w: 1}
  m_LocalPosition: {x: 0.62, y: 2.33, z: 1.87}
  m_LocalScale: {x: 1, y: 1, z: 1}
  m_Children: []
  m_Father: {fileID: 2869952636615049432}
  m_RootOrder: 1
  m_LocalEulerAnglesHint: {x: 0, y: 0, z: 0}
--- !u!1 &3332766595321365512
GameObject:
  m_ObjectHideFlags: 0
  m_CorrespondingSourceObject: {fileID: 0}
  m_PrefabInstance: {fileID: 0}
  m_PrefabAsset: {fileID: 0}
  serializedVersion: 6
  m_Component:
  - component: {fileID: 4934411979990700842}
  - component: {fileID: 8558969974400319564}
  - component: {fileID: 4024942426516323421}
  - component: {fileID: 2262071901561078312}
  m_Layer: 0
  m_Name: SM_Wep_Rifle_01
  m_TagString: Untagged
  m_Icon: {fileID: 0}
  m_NavMeshLayer: 0
  m_StaticEditorFlags: 0
  m_IsActive: 1
--- !u!4 &4934411979990700842
Transform:
  m_ObjectHideFlags: 0
  m_CorrespondingSourceObject: {fileID: 0}
  m_PrefabInstance: {fileID: 0}
  m_PrefabAsset: {fileID: 0}
  m_GameObject: {fileID: 3332766595321365512}
  m_LocalRotation: {x: 0.07915759, y: -0.3474102, z: 0.7417642, w: -0.568178}
  m_LocalPosition: {x: 0.141, y: 0.045, z: 0.137}
  m_LocalScale: {x: 1.35, y: 1.35, z: 1.35}
  m_Children:
  - {fileID: 7690344089246169545}
  - {fileID: 3830956721184053045}
  - {fileID: 2515993054331946746}
  m_Father: {fileID: 5706594338757911564}
  m_RootOrder: 3
  m_LocalEulerAnglesHint: {x: -205.179, y: -145.52899, z: 82.829994}
--- !u!33 &8558969974400319564
MeshFilter:
  m_ObjectHideFlags: 0
  m_CorrespondingSourceObject: {fileID: 0}
  m_PrefabInstance: {fileID: 0}
  m_PrefabAsset: {fileID: 0}
  m_GameObject: {fileID: 3332766595321365512}
  m_Mesh: {fileID: 4300000, guid: 387df2d7750e6ab4698e1e62a012af82, type: 3}
--- !u!23 &4024942426516323421
MeshRenderer:
  m_ObjectHideFlags: 0
  m_CorrespondingSourceObject: {fileID: 0}
  m_PrefabInstance: {fileID: 0}
  m_PrefabAsset: {fileID: 0}
  m_GameObject: {fileID: 3332766595321365512}
  m_Enabled: 1
  m_CastShadows: 1
  m_ReceiveShadows: 1
  m_DynamicOccludee: 1
  m_MotionVectors: 1
  m_LightProbeUsage: 1
  m_ReflectionProbeUsage: 1
  m_RayTracingMode: 2
  m_RenderingLayerMask: 1
  m_RendererPriority: 0
  m_Materials:
  - {fileID: 2100000, guid: 4cee7a5983b187943adc589b9cb1f084, type: 2}
  m_StaticBatchInfo:
    firstSubMesh: 0
    subMeshCount: 0
  m_StaticBatchRoot: {fileID: 0}
  m_ProbeAnchor: {fileID: 0}
  m_LightProbeVolumeOverride: {fileID: 0}
  m_ScaleInLightmap: 1
  m_ReceiveGI: 1
  m_PreserveUVs: 0
  m_IgnoreNormalsForChartDetection: 0
  m_ImportantGI: 0
  m_StitchLightmapSeams: 1
  m_SelectedEditorRenderState: 3
  m_MinimumChartSize: 4
  m_AutoUVMaxDistance: 0.5
  m_AutoUVMaxAngle: 89
  m_LightmapParameters: {fileID: 0}
  m_SortingLayerID: 0
  m_SortingLayer: 0
  m_SortingOrder: 0
--- !u!64 &2262071901561078312
MeshCollider:
  m_ObjectHideFlags: 0
  m_CorrespondingSourceObject: {fileID: 0}
  m_PrefabInstance: {fileID: 0}
  m_PrefabAsset: {fileID: 0}
  m_GameObject: {fileID: 3332766595321365512}
  m_Material: {fileID: 0}
  m_IsTrigger: 0
  m_Enabled: 1
  serializedVersion: 3
  m_Convex: 1
  m_CookingOptions: 30
  m_Mesh: {fileID: 43224424643243092, guid: f7f23d0aca5d40143af6f2b685430563, type: 2}
--- !u!1 &4105508756644836512
GameObject:
  m_ObjectHideFlags: 0
  m_CorrespondingSourceObject: {fileID: 0}
  m_PrefabInstance: {fileID: 0}
  m_PrefabAsset: {fileID: 0}
  serializedVersion: 6
  m_Component:
  - component: {fileID: 7690344089246169545}
  - component: {fileID: 5554511451951275146}
  - component: {fileID: 3225486377041283621}
  m_Layer: 0
  m_Name: SM_Wep_Rifle_Mag_01
  m_TagString: Untagged
  m_Icon: {fileID: 0}
  m_NavMeshLayer: 0
  m_StaticEditorFlags: 0
  m_IsActive: 1
--- !u!4 &7690344089246169545
Transform:
  m_ObjectHideFlags: 0
  m_CorrespondingSourceObject: {fileID: 0}
  m_PrefabInstance: {fileID: 0}
  m_PrefabAsset: {fileID: 0}
  m_GameObject: {fileID: 4105508756644836512}
  m_LocalRotation: {x: 0, y: -0, z: -0, w: 1}
  m_LocalPosition: {x: 0.08426854, y: 0.07435485, z: 0.116751134}
  m_LocalScale: {x: 1, y: 1, z: 1}
  m_Children: []
  m_Father: {fileID: 4934411979990700842}
  m_RootOrder: 0
  m_LocalEulerAnglesHint: {x: 0, y: 0, z: 0}
--- !u!33 &5554511451951275146
MeshFilter:
  m_ObjectHideFlags: 0
  m_CorrespondingSourceObject: {fileID: 0}
  m_PrefabInstance: {fileID: 0}
  m_PrefabAsset: {fileID: 0}
  m_GameObject: {fileID: 4105508756644836512}
  m_Mesh: {fileID: 4300002, guid: 387df2d7750e6ab4698e1e62a012af82, type: 3}
--- !u!23 &3225486377041283621
MeshRenderer:
  m_ObjectHideFlags: 0
  m_CorrespondingSourceObject: {fileID: 0}
  m_PrefabInstance: {fileID: 0}
  m_PrefabAsset: {fileID: 0}
  m_GameObject: {fileID: 4105508756644836512}
  m_Enabled: 1
  m_CastShadows: 1
  m_ReceiveShadows: 1
  m_DynamicOccludee: 1
  m_MotionVectors: 1
  m_LightProbeUsage: 1
  m_ReflectionProbeUsage: 1
  m_RayTracingMode: 2
  m_RenderingLayerMask: 1
  m_RendererPriority: 0
  m_Materials:
  - {fileID: 2100000, guid: 4cee7a5983b187943adc589b9cb1f084, type: 2}
  m_StaticBatchInfo:
    firstSubMesh: 0
    subMeshCount: 0
  m_StaticBatchRoot: {fileID: 0}
  m_ProbeAnchor: {fileID: 0}
  m_LightProbeVolumeOverride: {fileID: 0}
  m_ScaleInLightmap: 1
  m_ReceiveGI: 1
  m_PreserveUVs: 0
  m_IgnoreNormalsForChartDetection: 0
  m_ImportantGI: 0
  m_StitchLightmapSeams: 1
  m_SelectedEditorRenderState: 3
  m_MinimumChartSize: 4
  m_AutoUVMaxDistance: 0.5
  m_AutoUVMaxAngle: 89
  m_LightmapParameters: {fileID: 0}
  m_SortingLayerID: 0
  m_SortingLayer: 0
  m_SortingOrder: 0
--- !u!1 &4725977084508588648
GameObject:
  m_ObjectHideFlags: 0
  m_CorrespondingSourceObject: {fileID: 0}
  m_PrefabInstance: {fileID: 0}
  m_PrefabAsset: {fileID: 0}
  serializedVersion: 6
  m_Component:
  - component: {fileID: 1160836986396356259}
  - component: {fileID: 7203485004544606052}
  - component: {fileID: 8263356512314971453}
  m_Layer: 0
  m_Name: Bow
  m_TagString: Untagged
  m_Icon: {fileID: 0}
  m_NavMeshLayer: 0
  m_StaticEditorFlags: 0
  m_IsActive: 1
--- !u!4 &1160836986396356259
Transform:
  m_ObjectHideFlags: 0
  m_CorrespondingSourceObject: {fileID: 0}
  m_PrefabInstance: {fileID: 0}
  m_PrefabAsset: {fileID: 0}
  m_GameObject: {fileID: 4725977084508588648}
  m_LocalRotation: {x: -0, y: -0, z: 0.83261275, w: 0.5538557}
  m_LocalPosition: {x: 0, y: 1, z: 1}
  m_LocalScale: {x: 0.2000005, y: 0.50000125, z: 0.2}
  m_Children: []
  m_Father: {fileID: 8147276156324487802}
  m_RootOrder: 1
  m_LocalEulerAnglesHint: {x: 0, y: 0, z: 112.73601}
--- !u!33 &7203485004544606052
MeshFilter:
  m_ObjectHideFlags: 0
  m_CorrespondingSourceObject: {fileID: 0}
  m_PrefabInstance: {fileID: 0}
  m_PrefabAsset: {fileID: 0}
  m_GameObject: {fileID: 4725977084508588648}
  m_Mesh: {fileID: 10206, guid: 0000000000000000e000000000000000, type: 0}
--- !u!23 &8263356512314971453
MeshRenderer:
  m_ObjectHideFlags: 0
  m_CorrespondingSourceObject: {fileID: 0}
  m_PrefabInstance: {fileID: 0}
  m_PrefabAsset: {fileID: 0}
  m_GameObject: {fileID: 4725977084508588648}
  m_Enabled: 1
  m_CastShadows: 0
  m_ReceiveShadows: 0
  m_DynamicOccludee: 0
  m_MotionVectors: 1
  m_LightProbeUsage: 1
  m_ReflectionProbeUsage: 1
  m_RayTracingMode: 2
  m_RenderingLayerMask: 1
  m_RendererPriority: 0
  m_Materials:
  - {fileID: 2100000, guid: 56c45adc4ef684eab8fe17812cc38652, type: 2}
  m_StaticBatchInfo:
    firstSubMesh: 0
    subMeshCount: 0
  m_StaticBatchRoot: {fileID: 0}
  m_ProbeAnchor: {fileID: 0}
  m_LightProbeVolumeOverride: {fileID: 0}
  m_ScaleInLightmap: 1
  m_ReceiveGI: 1
  m_PreserveUVs: 0
  m_IgnoreNormalsForChartDetection: 0
  m_ImportantGI: 0
  m_StitchLightmapSeams: 1
  m_SelectedEditorRenderState: 3
  m_MinimumChartSize: 4
  m_AutoUVMaxDistance: 0.5
  m_AutoUVMaxAngle: 89
  m_LightmapParameters: {fileID: 0}
  m_SortingLayerID: 0
  m_SortingLayer: 0
  m_SortingOrder: 0
--- !u!114 &8028162227660378670
MonoBehaviour:
  m_ObjectHideFlags: 0
  m_CorrespondingSourceObject: {fileID: 0}
  m_PrefabInstance: {fileID: 0}
  m_PrefabAsset: {fileID: 0}
  m_GameObject: {fileID: 5708889926365660606}
  m_Enabled: 1
  m_EditorHideFlags: 0
  m_Script: {fileID: 11500000, guid: 00f3072f28829744b8c612beff02337c, type: 3}
  m_Name: 
  m_EditorClassIdentifier: 
  ikActive: 1
  rightHandObj: {fileID: 2515993054331946746}
  leftHandObj: {fileID: 2515993054331946746}
--- !u!1 &6815603807274058737
GameObject:
  m_ObjectHideFlags: 0
  m_CorrespondingSourceObject: {fileID: 0}
  m_PrefabInstance: {fileID: 0}
  m_PrefabAsset: {fileID: 0}
  serializedVersion: 6
  m_Component:
  - component: {fileID: 8671212696214701416}
  - component: {fileID: 776565703966549388}
  - component: {fileID: 5837558865334333660}
  m_Layer: 0
  m_Name: Glasses
  m_TagString: Untagged
  m_Icon: {fileID: 0}
  m_NavMeshLayer: 0
  m_StaticEditorFlags: 0
  m_IsActive: 1
--- !u!4 &8671212696214701416
Transform:
  m_ObjectHideFlags: 0
  m_CorrespondingSourceObject: {fileID: 0}
  m_PrefabInstance: {fileID: 0}
  m_PrefabAsset: {fileID: 0}
  m_GameObject: {fileID: 6815603807274058737}
  m_LocalRotation: {x: -0, y: -0, z: 0.7071068, w: 0.7071068}
  m_LocalPosition: {x: 0, y: 1.441, z: 0.31199998}
  m_LocalScale: {x: 0.43140978, y: 0.43140978, z: 0.43140906}
  m_Children: []
  m_Father: {fileID: 8147276156324487802}
  m_RootOrder: 2
  m_LocalEulerAnglesHint: {x: 0, y: 0, z: 90}
--- !u!33 &776565703966549388
MeshFilter:
  m_ObjectHideFlags: 0
  m_CorrespondingSourceObject: {fileID: 0}
  m_PrefabInstance: {fileID: 0}
  m_PrefabAsset: {fileID: 0}
  m_GameObject: {fileID: 6815603807274058737}
  m_Mesh: {fileID: 10208, guid: 0000000000000000e000000000000000, type: 0}
--- !u!23 &5837558865334333660
MeshRenderer:
  m_ObjectHideFlags: 0
  m_CorrespondingSourceObject: {fileID: 0}
  m_PrefabInstance: {fileID: 0}
  m_PrefabAsset: {fileID: 0}
  m_GameObject: {fileID: 6815603807274058737}
  m_Enabled: 1
  m_CastShadows: 0
  m_ReceiveShadows: 0
  m_DynamicOccludee: 0
  m_MotionVectors: 1
  m_LightProbeUsage: 1
  m_ReflectionProbeUsage: 1
  m_RayTracingMode: 2
  m_RenderingLayerMask: 1
  m_RendererPriority: 0
  m_Materials:
  - {fileID: 2100000, guid: 39c17ef02d7984b16941fb4f35556b8d, type: 2}
  m_StaticBatchInfo:
    firstSubMesh: 0
    subMeshCount: 0
  m_StaticBatchRoot: {fileID: 0}
  m_ProbeAnchor: {fileID: 0}
  m_LightProbeVolumeOverride: {fileID: 0}
  m_ScaleInLightmap: 1
  m_ReceiveGI: 1
  m_PreserveUVs: 0
  m_IgnoreNormalsForChartDetection: 0
  m_ImportantGI: 0
  m_StitchLightmapSeams: 1
  m_SelectedEditorRenderState: 3
  m_MinimumChartSize: 4
  m_AutoUVMaxDistance: 0.5
  m_AutoUVMaxAngle: 89
  m_LightmapParameters: {fileID: 0}
  m_SortingLayerID: 0
  m_SortingLayer: 0
  m_SortingOrder: 0
--- !u!1 &8283338091344906242
GameObject:
  m_ObjectHideFlags: 0
  m_CorrespondingSourceObject: {fileID: 0}
  m_PrefabInstance: {fileID: 0}
  m_PrefabAsset: {fileID: 0}
  serializedVersion: 6
  m_Component:
  - component: {fileID: 5099493913736771322}
  - component: {fileID: 7966632155909402423}
  m_Layer: 0
  m_Name: VFX
  m_TagString: Untagged
  m_Icon: {fileID: 0}
  m_NavMeshLayer: 0
  m_StaticEditorFlags: 0
  m_IsActive: 1
--- !u!4 &5099493913736771322
Transform:
  m_ObjectHideFlags: 0
  m_CorrespondingSourceObject: {fileID: 0}
  m_PrefabInstance: {fileID: 0}
  m_PrefabAsset: {fileID: 0}
  m_GameObject: {fileID: 8283338091344906242}
  m_LocalRotation: {x: -0, y: -0, z: -0, w: 1}
  m_LocalPosition: {x: 0, y: 0, z: 0}
  m_LocalScale: {x: 1, y: 1, z: 1}
  m_Children:
  - {fileID: 5362191968307886819}
  - {fileID: 107173263403352223}
  m_Father: {fileID: 2869952636615049432}
  m_RootOrder: 3
  m_LocalEulerAnglesHint: {x: 0, y: 0, z: 0}
--- !u!114 &7966632155909402423
MonoBehaviour:
  m_ObjectHideFlags: 0
  m_CorrespondingSourceObject: {fileID: 0}
  m_PrefabInstance: {fileID: 0}
  m_PrefabAsset: {fileID: 0}
  m_GameObject: {fileID: 8283338091344906242}
  m_Enabled: 1
  m_EditorHideFlags: 0
  m_Script: {fileID: 11500000, guid: 541ae3d978867e44ea1168afd9f347ea, type: 3}
  m_Name: 
  m_EditorClassIdentifier: 
  Heal: {fileID: 0}
  DamageTaken: {fileID: 107173263422712375}
  DamageTakenFromThorn: {fileID: 0}
  Death: {fileID: 5362191968323076381}
  Shot: {fileID: 0}
--- !u!1 &9078295191602449567
GameObject:
  m_ObjectHideFlags: 0
  m_CorrespondingSourceObject: {fileID: 0}
  m_PrefabInstance: {fileID: 0}
  m_PrefabAsset: {fileID: 0}
  serializedVersion: 6
  m_Component:
  - component: {fileID: 8147276156324487802}
  - component: {fileID: 2347616371248325083}
  m_Layer: 9
  m_Name: Size
  m_TagString: Untagged
  m_Icon: {fileID: 0}
  m_NavMeshLayer: 0
  m_StaticEditorFlags: 0
  m_IsActive: 0
--- !u!4 &8147276156324487802
Transform:
  m_ObjectHideFlags: 0
  m_CorrespondingSourceObject: {fileID: 0}
  m_PrefabInstance: {fileID: 0}
  m_PrefabAsset: {fileID: 0}
  m_GameObject: {fileID: 9078295191602449567}
  m_LocalRotation: {x: 0, y: 0, z: 0, w: 1}
  m_LocalPosition: {x: 0, y: 0, z: 0}
  m_LocalScale: {x: 0.7, y: 0.7, z: 0.7}
  m_Children:
  - {fileID: 2869952636724137098}
  - {fileID: 1160836986396356259}
  - {fileID: 8671212696214701416}
  m_Father: {fileID: 2869952636615049432}
  m_RootOrder: 0
  m_LocalEulerAnglesHint: {x: 0, y: 0, z: 0}
--- !u!136 &2347616371248325083
CapsuleCollider:
  m_ObjectHideFlags: 0
  m_CorrespondingSourceObject: {fileID: 0}
  m_PrefabInstance: {fileID: 0}
  m_PrefabAsset: {fileID: 0}
  m_GameObject: {fileID: 9078295191602449567}
  m_Material: {fileID: 0}
  m_IsTrigger: 0
  m_Enabled: 1
  m_Radius: 0.5
  m_Height: 2
  m_Direction: 1
  m_Center: {x: 0, y: 1, z: 0}
--- !u!1001 &107173263403508737
PrefabInstance:
  m_ObjectHideFlags: 0
  serializedVersion: 2
  m_Modification:
    m_TransformParent: {fileID: 5099493913736771322}
    m_Modifications:
    - target: {fileID: 145172, guid: dbc886d3433d6aa4786fa9807aed6a71, type: 3}
      propertyPath: m_Name
      value: BulletMuzzleBlue
      objectReference: {fileID: 0}
    - target: {fileID: 418974, guid: dbc886d3433d6aa4786fa9807aed6a71, type: 3}
      propertyPath: m_LocalPosition.x
      value: 0
      objectReference: {fileID: 0}
    - target: {fileID: 418974, guid: dbc886d3433d6aa4786fa9807aed6a71, type: 3}
      propertyPath: m_LocalPosition.y
      value: 1.98
      objectReference: {fileID: 0}
    - target: {fileID: 418974, guid: dbc886d3433d6aa4786fa9807aed6a71, type: 3}
      propertyPath: m_LocalPosition.z
      value: 0
      objectReference: {fileID: 0}
    - target: {fileID: 418974, guid: dbc886d3433d6aa4786fa9807aed6a71, type: 3}
      propertyPath: m_LocalRotation.x
      value: -0.7071068
      objectReference: {fileID: 0}
    - target: {fileID: 418974, guid: dbc886d3433d6aa4786fa9807aed6a71, type: 3}
      propertyPath: m_LocalRotation.y
      value: 0
      objectReference: {fileID: 0}
    - target: {fileID: 418974, guid: dbc886d3433d6aa4786fa9807aed6a71, type: 3}
      propertyPath: m_LocalRotation.z
      value: 0
      objectReference: {fileID: 0}
    - target: {fileID: 418974, guid: dbc886d3433d6aa4786fa9807aed6a71, type: 3}
      propertyPath: m_LocalRotation.w
      value: 0.7071068
      objectReference: {fileID: 0}
    - target: {fileID: 418974, guid: dbc886d3433d6aa4786fa9807aed6a71, type: 3}
      propertyPath: m_RootOrder
      value: 1
      objectReference: {fileID: 0}
    - target: {fileID: 418974, guid: dbc886d3433d6aa4786fa9807aed6a71, type: 3}
      propertyPath: m_LocalEulerAnglesHint.x
      value: -90
      objectReference: {fileID: 0}
    - target: {fileID: 418974, guid: dbc886d3433d6aa4786fa9807aed6a71, type: 3}
      propertyPath: m_LocalEulerAnglesHint.y
      value: 0
      objectReference: {fileID: 0}
    - target: {fileID: 418974, guid: dbc886d3433d6aa4786fa9807aed6a71, type: 3}
      propertyPath: m_LocalEulerAnglesHint.z
      value: 0
      objectReference: {fileID: 0}
    m_RemovedComponents: []
  m_SourcePrefab: {fileID: 100100000, guid: dbc886d3433d6aa4786fa9807aed6a71, type: 3}
--- !u!4 &107173263403352223 stripped
Transform:
  m_CorrespondingSourceObject: {fileID: 418974, guid: dbc886d3433d6aa4786fa9807aed6a71,
    type: 3}
  m_PrefabInstance: {fileID: 107173263403508737}
  m_PrefabAsset: {fileID: 0}
--- !u!198 &107173263422712375 stripped
ParticleSystem:
  m_CorrespondingSourceObject: {fileID: 19861046, guid: dbc886d3433d6aa4786fa9807aed6a71,
    type: 3}
  m_PrefabInstance: {fileID: 107173263403508737}
  m_PrefabAsset: {fileID: 0}
--- !u!1001 &3997035021596005385
PrefabInstance:
  m_ObjectHideFlags: 0
  serializedVersion: 2
  m_Modification:
    m_TransformParent: {fileID: 2869952636615049432}
    m_Modifications:
    - target: {fileID: 1075700203125732483, guid: 25b4d61151208c1458c9fd6eccfe2726,
        type: 3}
      propertyPath: damageText
      value: 
      objectReference: {fileID: 2237383593126695324}
    - target: {fileID: 2237608192215519650, guid: 25b4d61151208c1458c9fd6eccfe2726,
        type: 3}
      propertyPath: m_Name
      value: Canvas
      objectReference: {fileID: 0}
    - target: {fileID: 2588313851353880288, guid: 25b4d61151208c1458c9fd6eccfe2726,
        type: 3}
      propertyPath: m_LocalPosition.x
      value: 0
      objectReference: {fileID: 0}
    - target: {fileID: 2588313851353880288, guid: 25b4d61151208c1458c9fd6eccfe2726,
        type: 3}
      propertyPath: m_LocalPosition.y
      value: 0
      objectReference: {fileID: 0}
    - target: {fileID: 2588313851353880288, guid: 25b4d61151208c1458c9fd6eccfe2726,
        type: 3}
      propertyPath: m_LocalPosition.z
      value: 0
      objectReference: {fileID: 0}
    - target: {fileID: 2588313851353880288, guid: 25b4d61151208c1458c9fd6eccfe2726,
        type: 3}
      propertyPath: m_LocalRotation.x
      value: 0
      objectReference: {fileID: 0}
    - target: {fileID: 2588313851353880288, guid: 25b4d61151208c1458c9fd6eccfe2726,
        type: 3}
      propertyPath: m_LocalRotation.y
      value: 0
      objectReference: {fileID: 0}
    - target: {fileID: 2588313851353880288, guid: 25b4d61151208c1458c9fd6eccfe2726,
        type: 3}
      propertyPath: m_LocalRotation.z
      value: 0
      objectReference: {fileID: 0}
    - target: {fileID: 2588313851353880288, guid: 25b4d61151208c1458c9fd6eccfe2726,
        type: 3}
      propertyPath: m_LocalRotation.w
      value: 1
      objectReference: {fileID: 0}
    - target: {fileID: 2588313851353880288, guid: 25b4d61151208c1458c9fd6eccfe2726,
        type: 3}
      propertyPath: m_RootOrder
      value: 4
      objectReference: {fileID: 0}
    - target: {fileID: 2588313851353880288, guid: 25b4d61151208c1458c9fd6eccfe2726,
        type: 3}
      propertyPath: m_LocalEulerAnglesHint.x
      value: 0
      objectReference: {fileID: 0}
    - target: {fileID: 2588313851353880288, guid: 25b4d61151208c1458c9fd6eccfe2726,
        type: 3}
      propertyPath: m_LocalEulerAnglesHint.y
      value: 0
      objectReference: {fileID: 0}
    - target: {fileID: 2588313851353880288, guid: 25b4d61151208c1458c9fd6eccfe2726,
        type: 3}
      propertyPath: m_LocalEulerAnglesHint.z
      value: 0
      objectReference: {fileID: 0}
    - target: {fileID: 2588313851353880288, guid: 25b4d61151208c1458c9fd6eccfe2726,
        type: 3}
      propertyPath: m_AnchoredPosition.x
      value: -0.04168701
      objectReference: {fileID: 0}
    - target: {fileID: 2588313851353880288, guid: 25b4d61151208c1458c9fd6eccfe2726,
        type: 3}
      propertyPath: m_AnchoredPosition.y
      value: 5.31
      objectReference: {fileID: 0}
    - target: {fileID: 2588313851353880288, guid: 25b4d61151208c1458c9fd6eccfe2726,
        type: 3}
      propertyPath: m_SizeDelta.x
      value: 223.174
      objectReference: {fileID: 0}
    - target: {fileID: 2588313851353880288, guid: 25b4d61151208c1458c9fd6eccfe2726,
        type: 3}
      propertyPath: m_SizeDelta.y
      value: 237.843
      objectReference: {fileID: 0}
    - target: {fileID: 2588313851353880288, guid: 25b4d61151208c1458c9fd6eccfe2726,
        type: 3}
      propertyPath: m_AnchorMin.x
      value: 0
      objectReference: {fileID: 0}
    - target: {fileID: 2588313851353880288, guid: 25b4d61151208c1458c9fd6eccfe2726,
        type: 3}
      propertyPath: m_AnchorMin.y
      value: 0
      objectReference: {fileID: 0}
    - target: {fileID: 2588313851353880288, guid: 25b4d61151208c1458c9fd6eccfe2726,
        type: 3}
      propertyPath: m_AnchorMax.x
      value: 0
      objectReference: {fileID: 0}
    - target: {fileID: 2588313851353880288, guid: 25b4d61151208c1458c9fd6eccfe2726,
        type: 3}
      propertyPath: m_AnchorMax.y
      value: 0
      objectReference: {fileID: 0}
    - target: {fileID: 2588313851353880288, guid: 25b4d61151208c1458c9fd6eccfe2726,
        type: 3}
      propertyPath: m_Pivot.x
      value: 0.5
      objectReference: {fileID: 0}
    - target: {fileID: 2588313851353880288, guid: 25b4d61151208c1458c9fd6eccfe2726,
        type: 3}
      propertyPath: m_Pivot.y
      value: 0.5
      objectReference: {fileID: 0}
    m_RemovedComponents: []
  m_SourcePrefab: {fileID: 100100000, guid: 25b4d61151208c1458c9fd6eccfe2726, type: 3}
--- !u!224 &1482770144796951273 stripped
RectTransform:
  m_CorrespondingSourceObject: {fileID: 2588313851353880288, guid: 25b4d61151208c1458c9fd6eccfe2726,
    type: 3}
  m_PrefabInstance: {fileID: 3997035021596005385}
  m_PrefabAsset: {fileID: 0}
--- !u!114 &4149492623622103178 stripped
MonoBehaviour:
  m_CorrespondingSourceObject: {fileID: 1075700203125732483, guid: 25b4d61151208c1458c9fd6eccfe2726,
    type: 3}
  m_PrefabInstance: {fileID: 3997035021596005385}
  m_PrefabAsset: {fileID: 0}
  m_GameObject: {fileID: 0}
  m_Enabled: 1
  m_EditorHideFlags: 0
  m_Script: {fileID: 11500000, guid: 02ff40c15eb431947a3329564f4e6802, type: 3}
  m_Name: 
  m_EditorClassIdentifier: 
--- !u!114 &2237383593126695324 stripped
MonoBehaviour:
  m_CorrespondingSourceObject: {fileID: 2915124917502215573, guid: 25b4d61151208c1458c9fd6eccfe2726,
    type: 3}
  m_PrefabInstance: {fileID: 3997035021596005385}
  m_PrefabAsset: {fileID: 0}
  m_GameObject: {fileID: 0}
  m_Enabled: 1
  m_EditorHideFlags: 0
  m_Script: {fileID: 11500000, guid: 5f7201a12d95ffc409449d95f23cf332, type: 3}
  m_Name: 
  m_EditorClassIdentifier: 
--- !u!1001 &5362191968308204473
PrefabInstance:
  m_ObjectHideFlags: 0
  serializedVersion: 2
  m_Modification:
    m_TransformParent: {fileID: 5099493913736771322}
    m_Modifications:
    - target: {fileID: 172590, guid: 93c383a7bb6b65547bc569e7d7f10507, type: 3}
      propertyPath: m_Name
      value: SuperEvilDeath
      objectReference: {fileID: 0}
    - target: {fileID: 469338, guid: 93c383a7bb6b65547bc569e7d7f10507, type: 3}
      propertyPath: m_LocalPosition.x
      value: 0
      objectReference: {fileID: 0}
    - target: {fileID: 469338, guid: 93c383a7bb6b65547bc569e7d7f10507, type: 3}
      propertyPath: m_LocalPosition.y
      value: 1.71
      objectReference: {fileID: 0}
    - target: {fileID: 469338, guid: 93c383a7bb6b65547bc569e7d7f10507, type: 3}
      propertyPath: m_LocalPosition.z
      value: -0
      objectReference: {fileID: 0}
    - target: {fileID: 469338, guid: 93c383a7bb6b65547bc569e7d7f10507, type: 3}
      propertyPath: m_LocalRotation.x
      value: -0.7071068
      objectReference: {fileID: 0}
    - target: {fileID: 469338, guid: 93c383a7bb6b65547bc569e7d7f10507, type: 3}
      propertyPath: m_LocalRotation.y
      value: 0
      objectReference: {fileID: 0}
    - target: {fileID: 469338, guid: 93c383a7bb6b65547bc569e7d7f10507, type: 3}
      propertyPath: m_LocalRotation.z
      value: 0
      objectReference: {fileID: 0}
    - target: {fileID: 469338, guid: 93c383a7bb6b65547bc569e7d7f10507, type: 3}
      propertyPath: m_LocalRotation.w
      value: 0.7071068
      objectReference: {fileID: 0}
    - target: {fileID: 469338, guid: 93c383a7bb6b65547bc569e7d7f10507, type: 3}
      propertyPath: m_RootOrder
      value: 0
      objectReference: {fileID: 0}
    - target: {fileID: 469338, guid: 93c383a7bb6b65547bc569e7d7f10507, type: 3}
      propertyPath: m_LocalEulerAnglesHint.x
      value: -90
      objectReference: {fileID: 0}
    - target: {fileID: 469338, guid: 93c383a7bb6b65547bc569e7d7f10507, type: 3}
      propertyPath: m_LocalEulerAnglesHint.y
      value: 0
      objectReference: {fileID: 0}
    - target: {fileID: 469338, guid: 93c383a7bb6b65547bc569e7d7f10507, type: 3}
      propertyPath: m_LocalEulerAnglesHint.z
      value: 0
      objectReference: {fileID: 0}
    - target: {fileID: 8220856, guid: 93c383a7bb6b65547bc569e7d7f10507, type: 3}
      propertyPath: m_PlayOnAwake
      value: 0
      objectReference: {fileID: 0}
    - target: {fileID: 19802242, guid: 93c383a7bb6b65547bc569e7d7f10507, type: 3}
      propertyPath: playOnAwake
      value: 0
      objectReference: {fileID: 0}
    - target: {fileID: 19802242, guid: 93c383a7bb6b65547bc569e7d7f10507, type: 3}
      propertyPath: ColorModule.gradient.maxGradient.key0.r
      value: 1
      objectReference: {fileID: 0}
    - target: {fileID: 19802242, guid: 93c383a7bb6b65547bc569e7d7f10507, type: 3}
      propertyPath: ColorModule.gradient.maxGradient.key0.g
      value: 1
      objectReference: {fileID: 0}
    - target: {fileID: 19802242, guid: 93c383a7bb6b65547bc569e7d7f10507, type: 3}
      propertyPath: ColorModule.gradient.maxGradient.key0.b
      value: 1
      objectReference: {fileID: 0}
    - target: {fileID: 19802242, guid: 93c383a7bb6b65547bc569e7d7f10507, type: 3}
      propertyPath: ColorModule.gradient.maxGradient.key0.a
      value: 1
      objectReference: {fileID: 0}
    - target: {fileID: 19802242, guid: 93c383a7bb6b65547bc569e7d7f10507, type: 3}
      propertyPath: ColorModule.gradient.maxGradient.key1.r
      value: 0.4862745
      objectReference: {fileID: 0}
    - target: {fileID: 19802242, guid: 93c383a7bb6b65547bc569e7d7f10507, type: 3}
      propertyPath: ColorModule.gradient.maxGradient.key1.g
      value: 0.52156866
      objectReference: {fileID: 0}
    - target: {fileID: 19802242, guid: 93c383a7bb6b65547bc569e7d7f10507, type: 3}
      propertyPath: ColorModule.gradient.maxGradient.key1.b
      value: 0.64705884
      objectReference: {fileID: 0}
    - target: {fileID: 19802242, guid: 93c383a7bb6b65547bc569e7d7f10507, type: 3}
      propertyPath: ColorModule.gradient.maxGradient.ctime1
      value: 52795
      objectReference: {fileID: 0}
    - target: {fileID: 19802242, guid: 93c383a7bb6b65547bc569e7d7f10507, type: 3}
      propertyPath: ColorModule.gradient.maxGradient.atime1
      value: 52119
      objectReference: {fileID: 0}
    - target: {fileID: 19802242, guid: 93c383a7bb6b65547bc569e7d7f10507, type: 3}
      propertyPath: ColorModule.gradient.maxGradient.m_Mode
      value: 0
      objectReference: {fileID: 0}
    - target: {fileID: 19802242, guid: 93c383a7bb6b65547bc569e7d7f10507, type: 3}
      propertyPath: ColorModule.gradient.maxGradient.m_NumAlphaKeys
      value: 3
      objectReference: {fileID: 0}
    - target: {fileID: 19823412, guid: 93c383a7bb6b65547bc569e7d7f10507, type: 3}
      propertyPath: playOnAwake
      value: 0
      objectReference: {fileID: 0}
    - target: {fileID: 19823412, guid: 93c383a7bb6b65547bc569e7d7f10507, type: 3}
      propertyPath: ColorModule.gradient.maxGradient.key1.r
      value: 0.8396226
      objectReference: {fileID: 0}
    - target: {fileID: 19823412, guid: 93c383a7bb6b65547bc569e7d7f10507, type: 3}
      propertyPath: ColorModule.gradient.maxGradient.key1.g
      value: 0.8396226
      objectReference: {fileID: 0}
    - target: {fileID: 19823412, guid: 93c383a7bb6b65547bc569e7d7f10507, type: 3}
      propertyPath: ColorModule.gradient.maxGradient.key1.b
      value: 0.8396226
      objectReference: {fileID: 0}
    - target: {fileID: 19823412, guid: 93c383a7bb6b65547bc569e7d7f10507, type: 3}
      propertyPath: ColorModule.gradient.maxGradient.key2.r
      value: 0.6981132
      objectReference: {fileID: 0}
    - target: {fileID: 19823412, guid: 93c383a7bb6b65547bc569e7d7f10507, type: 3}
      propertyPath: ColorModule.gradient.maxGradient.key2.g
      value: 0.6981132
      objectReference: {fileID: 0}
    - target: {fileID: 19823412, guid: 93c383a7bb6b65547bc569e7d7f10507, type: 3}
      propertyPath: ColorModule.gradient.maxGradient.key2.b
      value: 0.6981132
      objectReference: {fileID: 0}
    - target: {fileID: 19826480, guid: 93c383a7bb6b65547bc569e7d7f10507, type: 3}
      propertyPath: playOnAwake
      value: 0
      objectReference: {fileID: 0}
    - target: {fileID: 19857072, guid: 93c383a7bb6b65547bc569e7d7f10507, type: 3}
      propertyPath: playOnAwake
      value: 0
      objectReference: {fileID: 0}
    - target: {fileID: 19862180, guid: 93c383a7bb6b65547bc569e7d7f10507, type: 3}
      propertyPath: playOnAwake
      value: 0
      objectReference: {fileID: 0}
    - target: {fileID: 19868170, guid: 93c383a7bb6b65547bc569e7d7f10507, type: 3}
      propertyPath: playOnAwake
      value: 0
      objectReference: {fileID: 0}
    - target: {fileID: 19868644, guid: 93c383a7bb6b65547bc569e7d7f10507, type: 3}
      propertyPath: playOnAwake
      value: 0
      objectReference: {fileID: 0}
    - target: {fileID: 19881306, guid: 93c383a7bb6b65547bc569e7d7f10507, type: 3}
      propertyPath: playOnAwake
      value: 0
      objectReference: {fileID: 0}
    - target: {fileID: 19881306, guid: 93c383a7bb6b65547bc569e7d7f10507, type: 3}
      propertyPath: ColorModule.gradient.maxGradient.key0.r
      value: 0.5471698
      objectReference: {fileID: 0}
    - target: {fileID: 19881306, guid: 93c383a7bb6b65547bc569e7d7f10507, type: 3}
      propertyPath: ColorModule.gradient.maxGradient.key0.g
      value: 0.5471698
      objectReference: {fileID: 0}
    - target: {fileID: 19881306, guid: 93c383a7bb6b65547bc569e7d7f10507, type: 3}
      propertyPath: ColorModule.gradient.maxGradient.key0.b
      value: 0.5471698
      objectReference: {fileID: 0}
    - target: {fileID: 19881306, guid: 93c383a7bb6b65547bc569e7d7f10507, type: 3}
      propertyPath: ColorModule.gradient.maxGradient.key2.r
      value: 0.4862745
      objectReference: {fileID: 0}
    - target: {fileID: 19881306, guid: 93c383a7bb6b65547bc569e7d7f10507, type: 3}
      propertyPath: ColorModule.gradient.maxGradient.key2.g
      value: 0.52156866
      objectReference: {fileID: 0}
    - target: {fileID: 19881306, guid: 93c383a7bb6b65547bc569e7d7f10507, type: 3}
      propertyPath: ColorModule.gradient.maxGradient.key2.b
      value: 0.64705884
      objectReference: {fileID: 0}
    - target: {fileID: 19881306, guid: 93c383a7bb6b65547bc569e7d7f10507, type: 3}
      propertyPath: ColorModule.gradient.maxGradient.ctime2
      value: 52795
      objectReference: {fileID: 0}
    - target: {fileID: 19881306, guid: 93c383a7bb6b65547bc569e7d7f10507, type: 3}
      propertyPath: ColorModule.gradient.maxGradient.key1.r
      value: 0.6792453
      objectReference: {fileID: 0}
    - target: {fileID: 19881306, guid: 93c383a7bb6b65547bc569e7d7f10507, type: 3}
      propertyPath: ColorModule.gradient.maxGradient.key1.g
      value: 0.6792453
      objectReference: {fileID: 0}
    - target: {fileID: 19881306, guid: 93c383a7bb6b65547bc569e7d7f10507, type: 3}
      propertyPath: ColorModule.gradient.maxGradient.key1.b
      value: 0.6792453
      objectReference: {fileID: 0}
    m_RemovedComponents: []
  m_SourcePrefab: {fileID: 100100000, guid: 93c383a7bb6b65547bc569e7d7f10507, type: 3}
--- !u!4 &5362191968307886819 stripped
Transform:
  m_CorrespondingSourceObject: {fileID: 469338, guid: 93c383a7bb6b65547bc569e7d7f10507,
    type: 3}
  m_PrefabInstance: {fileID: 5362191968308204473}
  m_PrefabAsset: {fileID: 0}
--- !u!198 &5362191968323076381 stripped
ParticleSystem:
  m_CorrespondingSourceObject: {fileID: 19862180, guid: 93c383a7bb6b65547bc569e7d7f10507,
    type: 3}
  m_PrefabInstance: {fileID: 5362191968308204473}
  m_PrefabAsset: {fileID: 0}
--- !u!1001 &5710053213705383580
PrefabInstance:
  m_ObjectHideFlags: 0
  serializedVersion: 2
  m_Modification:
    m_TransformParent: {fileID: 2869952636615049432}
    m_Modifications:
    - target: {fileID: 1163287893404450, guid: 2d2ee0a29f7271b4ab7153373565a175, type: 3}
      propertyPath: m_Name
      value: SM_Chr_BR_BigAlien_01
      objectReference: {fileID: 0}
    - target: {fileID: 4542119001986858, guid: 2d2ee0a29f7271b4ab7153373565a175, type: 3}
      propertyPath: m_LocalPosition.x
      value: 0
      objectReference: {fileID: 0}
    - target: {fileID: 4542119001986858, guid: 2d2ee0a29f7271b4ab7153373565a175, type: 3}
      propertyPath: m_LocalPosition.y
      value: 0
      objectReference: {fileID: 0}
    - target: {fileID: 4542119001986858, guid: 2d2ee0a29f7271b4ab7153373565a175, type: 3}
      propertyPath: m_LocalPosition.z
      value: 0
      objectReference: {fileID: 0}
    - target: {fileID: 4542119001986858, guid: 2d2ee0a29f7271b4ab7153373565a175, type: 3}
      propertyPath: m_LocalRotation.x
      value: 0
      objectReference: {fileID: 0}
    - target: {fileID: 4542119001986858, guid: 2d2ee0a29f7271b4ab7153373565a175, type: 3}
      propertyPath: m_LocalRotation.y
      value: 0
      objectReference: {fileID: 0}
    - target: {fileID: 4542119001986858, guid: 2d2ee0a29f7271b4ab7153373565a175, type: 3}
      propertyPath: m_LocalRotation.z
      value: 0
      objectReference: {fileID: 0}
    - target: {fileID: 4542119001986858, guid: 2d2ee0a29f7271b4ab7153373565a175, type: 3}
      propertyPath: m_LocalRotation.w
      value: 1
      objectReference: {fileID: 0}
    - target: {fileID: 4542119001986858, guid: 2d2ee0a29f7271b4ab7153373565a175, type: 3}
      propertyPath: m_RootOrder
      value: 2
      objectReference: {fileID: 0}
    - target: {fileID: 4542119001986858, guid: 2d2ee0a29f7271b4ab7153373565a175, type: 3}
      propertyPath: m_LocalEulerAnglesHint.x
      value: 0
      objectReference: {fileID: 0}
    - target: {fileID: 4542119001986858, guid: 2d2ee0a29f7271b4ab7153373565a175, type: 3}
      propertyPath: m_LocalEulerAnglesHint.y
      value: 0
      objectReference: {fileID: 0}
    - target: {fileID: 4542119001986858, guid: 2d2ee0a29f7271b4ab7153373565a175, type: 3}
      propertyPath: m_LocalEulerAnglesHint.z
      value: 0
      objectReference: {fileID: 0}
    - target: {fileID: 4542119001986858, guid: 2d2ee0a29f7271b4ab7153373565a175, type: 3}
      propertyPath: m_LocalScale.x
      value: 1.9
      objectReference: {fileID: 0}
    - target: {fileID: 4542119001986858, guid: 2d2ee0a29f7271b4ab7153373565a175, type: 3}
      propertyPath: m_LocalScale.y
      value: 1.9
      objectReference: {fileID: 0}
    - target: {fileID: 4542119001986858, guid: 2d2ee0a29f7271b4ab7153373565a175, type: 3}
      propertyPath: m_LocalScale.z
      value: 1.9
      objectReference: {fileID: 0}
    - target: {fileID: 95391381815472928, guid: 2d2ee0a29f7271b4ab7153373565a175,
        type: 3}
      propertyPath: m_Controller
      value: 
      objectReference: {fileID: 9100000, guid: 630006a784a63b4409714f5124db5a0f, type: 2}
    - target: {fileID: 95391381815472928, guid: 2d2ee0a29f7271b4ab7153373565a175,
        type: 3}
      propertyPath: m_ApplyRootMotion
      value: 0
      objectReference: {fileID: 0}
    m_RemovedComponents: []
  m_SourcePrefab: {fileID: 100100000, guid: 2d2ee0a29f7271b4ab7153373565a175, type: 3}
--- !u!4 &5706594338757911564 stripped
Transform:
  m_CorrespondingSourceObject: {fileID: 4444732765178512, guid: 2d2ee0a29f7271b4ab7153373565a175,
    type: 3}
  m_PrefabInstance: {fileID: 5710053213705383580}
  m_PrefabAsset: {fileID: 0}
--- !u!95 &5651114635076705724 stripped
Animator:
  m_CorrespondingSourceObject: {fileID: 95391381815472928, guid: 2d2ee0a29f7271b4ab7153373565a175,
    type: 3}
  m_PrefabInstance: {fileID: 5710053213705383580}
  m_PrefabAsset: {fileID: 0}
--- !u!4 &5705511167331973558 stripped
Transform:
  m_CorrespondingSourceObject: {fileID: 4542119001986858, guid: 2d2ee0a29f7271b4ab7153373565a175,
    type: 3}
  m_PrefabInstance: {fileID: 5710053213705383580}
  m_PrefabAsset: {fileID: 0}
--- !u!1 &5708889926365660606 stripped
GameObject:
  m_CorrespondingSourceObject: {fileID: 1163287893404450, guid: 2d2ee0a29f7271b4ab7153373565a175,
    type: 3}
  m_PrefabInstance: {fileID: 5710053213705383580}
  m_PrefabAsset: {fileID: 0}
