%YAML 1.1
%TAG !u! tag:unity3d.com,2011:
--- !u!1 &1264663415694124246
GameObject:
  m_ObjectHideFlags: 0
  m_CorrespondingSourceObject: {fileID: 0}
  m_PrefabInstance: {fileID: 0}
  m_PrefabAsset: {fileID: 0}
  serializedVersion: 6
  m_Component:
  - component: {fileID: 42232975953951181}
  - component: {fileID: 4836655233387128767}
  - component: {fileID: 4763015887150440374}
  m_Layer: 0
  m_Name: _SM_Wep_Shotgun_Slide_01
  m_TagString: Untagged
  m_Icon: {fileID: 0}
  m_NavMeshLayer: 0
  m_StaticEditorFlags: 0
  m_IsActive: 1
--- !u!4 &42232975953951181
Transform:
  m_ObjectHideFlags: 0
  m_CorrespondingSourceObject: {fileID: 0}
  m_PrefabInstance: {fileID: 0}
  m_PrefabAsset: {fileID: 0}
  m_GameObject: {fileID: 1264663415694124246}
  m_LocalRotation: {x: 0, y: -0, z: -0, w: 1}
  m_LocalPosition: {x: 0.022312382, y: 0.12270584, z: 0.026343705}
  m_LocalScale: {x: 1, y: 1, z: 1}
  m_Children: []
  m_Father: {fileID: 8613935723532432147}
  m_RootOrder: 1
  m_LocalEulerAnglesHint: {x: 0, y: 0, z: 0}
--- !u!33 &4836655233387128767
MeshFilter:
  m_ObjectHideFlags: 0
  m_CorrespondingSourceObject: {fileID: 0}
  m_PrefabInstance: {fileID: 0}
  m_PrefabAsset: {fileID: 0}
  m_GameObject: {fileID: 1264663415694124246}
  m_Mesh: {fileID: 4181177097021492306, guid: 21c284064f8234242a37d9a98c8fceee, type: 3}
--- !u!23 &4763015887150440374
MeshRenderer:
  m_ObjectHideFlags: 0
  m_CorrespondingSourceObject: {fileID: 0}
  m_PrefabInstance: {fileID: 0}
  m_PrefabAsset: {fileID: 0}
  m_GameObject: {fileID: 1264663415694124246}
  m_Enabled: 1
  m_CastShadows: 1
  m_ReceiveShadows: 1
  m_DynamicOccludee: 1
  m_MotionVectors: 1
  m_LightProbeUsage: 1
  m_ReflectionProbeUsage: 1
  m_RayTracingMode: 2
  m_RenderingLayerMask: 1
  m_RendererPriority: 0
  m_Materials:
  - {fileID: 2100000, guid: 4cee7a5983b187943adc589b9cb1f084, type: 2}
  m_StaticBatchInfo:
    firstSubMesh: 0
    subMeshCount: 0
  m_StaticBatchRoot: {fileID: 0}
  m_ProbeAnchor: {fileID: 0}
  m_LightProbeVolumeOverride: {fileID: 0}
  m_ScaleInLightmap: 1
  m_ReceiveGI: 1
  m_PreserveUVs: 0
  m_IgnoreNormalsForChartDetection: 0
  m_ImportantGI: 0
  m_StitchLightmapSeams: 1
  m_SelectedEditorRenderState: 3
  m_MinimumChartSize: 4
  m_AutoUVMaxDistance: 0.5
  m_AutoUVMaxAngle: 89
  m_LightmapParameters: {fileID: 0}
  m_SortingLayerID: 0
  m_SortingLayer: 0
  m_SortingOrder: 0
--- !u!1 &3760116853650549546
GameObject:
  m_ObjectHideFlags: 0
  m_CorrespondingSourceObject: {fileID: 0}
  m_PrefabInstance: {fileID: 0}
  m_PrefabAsset: {fileID: 0}
  serializedVersion: 6
  m_Component:
  - component: {fileID: 2911187554298870648}
  - component: {fileID: 890780251766482788}
  m_Layer: 0
  m_Name: VFX
  m_TagString: Untagged
  m_Icon: {fileID: 0}
  m_NavMeshLayer: 0
  m_StaticEditorFlags: 0
  m_IsActive: 1
--- !u!4 &2911187554298870648
Transform:
  m_ObjectHideFlags: 0
  m_CorrespondingSourceObject: {fileID: 0}
  m_PrefabInstance: {fileID: 0}
  m_PrefabAsset: {fileID: 0}
  m_GameObject: {fileID: 3760116853650549546}
  m_LocalRotation: {x: 0, y: 0, z: 0, w: 1}
  m_LocalPosition: {x: 0, y: 0, z: 0}
  m_LocalScale: {x: 1, y: 1, z: 1}
  m_Children:
  - {fileID: 2008653131035761067}
  - {fileID: 4736991064716797844}
  - {fileID: 3745080439769523795}
  - {fileID: 6838966770182673890}
  m_Father: {fileID: 4276852129401104345}
  m_RootOrder: 4
  m_LocalEulerAnglesHint: {x: 0, y: 0, z: 0}
--- !u!114 &890780251766482788
MonoBehaviour:
  m_ObjectHideFlags: 0
  m_CorrespondingSourceObject: {fileID: 0}
  m_PrefabInstance: {fileID: 0}
  m_PrefabAsset: {fileID: 0}
  m_GameObject: {fileID: 3760116853650549546}
  m_Enabled: 1
  m_EditorHideFlags: 0
  m_Script: {fileID: 11500000, guid: 541ae3d978867e44ea1168afd9f347ea, type: 3}
  m_Name: 
  m_EditorClassIdentifier: 
  Heal: {fileID: 2008653131054090875}
  DamageTaken: {fileID: 4736991064731980966}
  DamageTakenFromThorn: {fileID: 3745080439750099621}
  Death: {fileID: 6838966770164355274}
  Shot: {fileID: 6167018071663196299}
--- !u!1 &4276852129241688970
GameObject:
  m_ObjectHideFlags: 0
  m_CorrespondingSourceObject: {fileID: 0}
  m_PrefabInstance: {fileID: 0}
  m_PrefabAsset: {fileID: 0}
  serializedVersion: 6
  m_Component:
  - component: {fileID: 4276852129241688971}
  - component: {fileID: 4276852129241688965}
  - component: {fileID: 4276852129241688964}
  m_Layer: 0
  m_Name: Capsule
  m_TagString: Untagged
  m_Icon: {fileID: 0}
  m_NavMeshLayer: 0
  m_StaticEditorFlags: 0
  m_IsActive: 1
--- !u!4 &4276852129241688971
Transform:
  m_ObjectHideFlags: 0
  m_CorrespondingSourceObject: {fileID: 0}
  m_PrefabInstance: {fileID: 0}
  m_PrefabAsset: {fileID: 0}
  m_GameObject: {fileID: 4276852129241688970}
  m_LocalRotation: {x: -0, y: -0, z: -0, w: 1}
  m_LocalPosition: {x: 0, y: 1, z: 0}
  m_LocalScale: {x: 1, y: 1, z: 1}
  m_Children: []
  m_Father: {fileID: 7898892161994360187}
  m_RootOrder: 0
  m_LocalEulerAnglesHint: {x: 0, y: 0, z: 0}
--- !u!33 &4276852129241688965
MeshFilter:
  m_ObjectHideFlags: 0
  m_CorrespondingSourceObject: {fileID: 0}
  m_PrefabInstance: {fileID: 0}
  m_PrefabAsset: {fileID: 0}
  m_GameObject: {fileID: 4276852129241688970}
  m_Mesh: {fileID: 10208, guid: 0000000000000000e000000000000000, type: 0}
--- !u!23 &4276852129241688964
MeshRenderer:
  m_ObjectHideFlags: 0
  m_CorrespondingSourceObject: {fileID: 0}
  m_PrefabInstance: {fileID: 0}
  m_PrefabAsset: {fileID: 0}
  m_GameObject: {fileID: 4276852129241688970}
  m_Enabled: 1
  m_CastShadows: 1
  m_ReceiveShadows: 0
  m_DynamicOccludee: 0
  m_MotionVectors: 1
  m_LightProbeUsage: 1
  m_ReflectionProbeUsage: 1
  m_RayTracingMode: 2
  m_RenderingLayerMask: 1
  m_RendererPriority: 0
  m_Materials:
  - {fileID: 2100000, guid: f17b72d1378414baf98d91fcc5fabe3a, type: 2}
  m_StaticBatchInfo:
    firstSubMesh: 0
    subMeshCount: 0
  m_StaticBatchRoot: {fileID: 0}
  m_ProbeAnchor: {fileID: 0}
  m_LightProbeVolumeOverride: {fileID: 0}
  m_ScaleInLightmap: 1
  m_ReceiveGI: 1
  m_PreserveUVs: 0
  m_IgnoreNormalsForChartDetection: 0
  m_ImportantGI: 0
  m_StitchLightmapSeams: 1
  m_SelectedEditorRenderState: 3
  m_MinimumChartSize: 4
  m_AutoUVMaxDistance: 0.5
  m_AutoUVMaxAngle: 89
  m_LightmapParameters: {fileID: 0}
  m_SortingLayerID: 0
  m_SortingLayer: 0
  m_SortingOrder: 0
--- !u!1 &4276852129401104349
GameObject:
  m_ObjectHideFlags: 0
  m_CorrespondingSourceObject: {fileID: 0}
  m_PrefabInstance: {fileID: 0}
  m_PrefabAsset: {fileID: 0}
  serializedVersion: 6
  m_Component:
  - component: {fileID: 4276852129401104345}
  - component: {fileID: 4276852129401104351}
  - component: {fileID: 316940023565038006}
  - component: {fileID: 2981382316885680535}
  - component: {fileID: 8833609051153830678}
  - component: {fileID: 4276852129401104346}
  - component: {fileID: 2267360923503324552}
  - component: {fileID: 5618594734620540109}
  m_Layer: 10
  m_Name: BizzCoPlayer
  m_TagString: Player
  m_Icon: {fileID: 0}
  m_NavMeshLayer: 0
  m_StaticEditorFlags: 0
  m_IsActive: 1
--- !u!4 &4276852129401104345
Transform:
  m_ObjectHideFlags: 0
  m_CorrespondingSourceObject: {fileID: 0}
  m_PrefabInstance: {fileID: 0}
  m_PrefabAsset: {fileID: 0}
  m_GameObject: {fileID: 4276852129401104349}
  m_LocalRotation: {x: 0, y: 0, z: 0, w: 1}
  m_LocalPosition: {x: 0, y: 0, z: 0}
  m_LocalScale: {x: 1, y: 1, z: 1}
  m_Children:
  - {fileID: 7898892161994360187}
  - {fileID: 9035065709774161259}
  - {fileID: 8839514174727427039}
  - {fileID: 5121068593608206528}
  - {fileID: 2911187554298870648}
  - {fileID: 4006753585846709556}
  m_Father: {fileID: 0}
  m_RootOrder: 0
  m_LocalEulerAnglesHint: {x: 0, y: 0, z: 0}
--- !u!114 &4276852129401104351
MonoBehaviour:
  m_ObjectHideFlags: 0
  m_CorrespondingSourceObject: {fileID: 0}
  m_PrefabInstance: {fileID: 0}
  m_PrefabAsset: {fileID: 0}
  m_GameObject: {fileID: 4276852129401104349}
  m_Enabled: 1
  m_EditorHideFlags: 0
  m_Script: {fileID: 11500000, guid: 0654330cfd8594235835af06f3545cb5, type: 3}
  m_Name: 
  m_EditorClassIdentifier: 
  prefabName: Player
  DamagePoint: {fileID: 4276852129241688971}
  Health: 0
  MaxHealth: 0
  healthBar: {fileID: 6316981650766737852}
  vFXManager: {fileID: 890780251766482788}
  animation: {fileID: 5618594734620540109}
  isPlayer: 1
  MaxArrowDeviations: 1
  prefabInstance: {fileID: 2916874174335770140, guid: 8a963fb9b6e337744b4321bc084cd822,
    type: 3}
  bulletInstatiateTransform: {fileID: 9035065709774161259}
  meleeAttackLayer:
    serializedVersion: 2
    m_Bits: 16384
--- !u!114 &316940023565038006
MonoBehaviour:
  m_ObjectHideFlags: 0
  m_CorrespondingSourceObject: {fileID: 0}
  m_PrefabInstance: {fileID: 0}
  m_PrefabAsset: {fileID: 0}
  m_GameObject: {fileID: 4276852129401104349}
  m_Enabled: 1
  m_EditorHideFlags: 0
  m_Script: {fileID: 11500000, guid: 6ac5c14573feb4baabb1b02be8090d24, type: 3}
  m_Name: 
  m_EditorClassIdentifier: 
  parameters:
    health: 100
    damage: 1
--- !u!114 &2981382316885680535
MonoBehaviour:
  m_ObjectHideFlags: 0
  m_CorrespondingSourceObject: {fileID: 0}
  m_PrefabInstance: {fileID: 0}
  m_PrefabAsset: {fileID: 0}
  m_GameObject: {fileID: 4276852129401104349}
  m_Enabled: 1
  m_EditorHideFlags: 0
  m_Script: {fileID: 11500000, guid: a9acc856c156148ce9b612a80ad37029, type: 3}
  m_Name: 
  m_EditorClassIdentifier: 
  parameters:
    movementSpeed: 7.5
    position: {x: 0, y: 0, z: 0}
    rotation: {x: 0, y: 0, z: 0, w: 0}
--- !u!114 &8833609051153830678
MonoBehaviour:
  m_ObjectHideFlags: 0
  m_CorrespondingSourceObject: {fileID: 0}
  m_PrefabInstance: {fileID: 0}
  m_PrefabAsset: {fileID: 0}
  m_GameObject: {fileID: 4276852129401104349}
  m_Enabled: 1
  m_EditorHideFlags: 0
  m_Script: {fileID: 11500000, guid: 959a40ceae1e541b5a68a4353f2031f4, type: 3}
  m_Name: 
  m_EditorClassIdentifier: 
  parameters:
    shotFrequency: 0.5
  arms: {fileID: 0}
  shotPoint: {fileID: 9035065709774161259}
  Damage: 0
--- !u!54 &4276852129401104346
Rigidbody:
  m_ObjectHideFlags: 0
  m_CorrespondingSourceObject: {fileID: 0}
  m_PrefabInstance: {fileID: 0}
  m_PrefabAsset: {fileID: 0}
  m_GameObject: {fileID: 4276852129401104349}
  serializedVersion: 2
  m_Mass: 1
  m_Drag: 0
  m_AngularDrag: Infinity
  m_UseGravity: 0
  m_IsKinematic: 0
  m_Interpolate: 0
  m_Constraints: 116
  m_CollisionDetection: 1
--- !u!65 &2267360923503324552
BoxCollider:
  m_ObjectHideFlags: 0
  m_CorrespondingSourceObject: {fileID: 0}
  m_PrefabInstance: {fileID: 0}
  m_PrefabAsset: {fileID: 0}
  m_GameObject: {fileID: 4276852129401104349}
  m_Material: {fileID: 0}
  m_IsTrigger: 0
  m_Enabled: 1
  serializedVersion: 2
  m_Size: {x: 0.71037376, y: 1.7110527, z: 0.4}
  m_Center: {x: -0.024454355, y: 0.8555263, z: 0}
--- !u!114 &5618594734620540109
MonoBehaviour:
  m_ObjectHideFlags: 0
  m_CorrespondingSourceObject: {fileID: 0}
  m_PrefabInstance: {fileID: 0}
  m_PrefabAsset: {fileID: 0}
  m_GameObject: {fileID: 4276852129401104349}
  m_Enabled: 1
  m_EditorHideFlags: 0
  m_Script: {fileID: 11500000, guid: c4f7adbb3a4f112428a84569ec493708, type: 3}
  m_Name: 
  m_EditorClassIdentifier: 
  ForwardAnimationParameter: Forward
  DieAnimationParameter: Die
  AttackAnimationParametet: Attack
  animator: {fileID: 2998186795809211834}
--- !u!1 &4742713986030780672
GameObject:
  m_ObjectHideFlags: 0
  m_CorrespondingSourceObject: {fileID: 0}
  m_PrefabInstance: {fileID: 0}
  m_PrefabAsset: {fileID: 0}
  serializedVersion: 6
  m_Component:
  - component: {fileID: 8613935723532432147}
  - component: {fileID: 779648688405186853}
  - component: {fileID: 6479931314290456028}
  m_Layer: 0
  m_Name: SM_Wep_Shotgun_01
  m_TagString: Untagged
  m_Icon: {fileID: 0}
  m_NavMeshLayer: 0
  m_StaticEditorFlags: 0
  m_IsActive: 1
--- !u!4 &8613935723532432147
Transform:
  m_ObjectHideFlags: 0
  m_CorrespondingSourceObject: {fileID: 0}
  m_PrefabInstance: {fileID: 0}
  m_PrefabAsset: {fileID: 0}
  m_GameObject: {fileID: 4742713986030780672}
  m_LocalRotation: {x: 0.5667902, y: -0.47763094, z: -0.4852811, w: 0.4638101}
  m_LocalPosition: {x: -0.146, y: 0.018, z: 0.024}
  m_LocalScale: {x: 1, y: 1, z: 1}
  m_Children:
  - {fileID: 1066473471557535314}
  - {fileID: 42232975953951181}
  - {fileID: 2515805616556017885}
  - {fileID: 8917382999125009675}
  m_Father: {fileID: 9109759932911253508}
  m_RootOrder: 2
  m_LocalEulerAnglesHint: {x: 3.5660002, y: -95.679, z: -96.53001}
--- !u!33 &779648688405186853
MeshFilter:
  m_ObjectHideFlags: 0
  m_CorrespondingSourceObject: {fileID: 0}
  m_PrefabInstance: {fileID: 0}
  m_PrefabAsset: {fileID: 0}
  m_GameObject: {fileID: 4742713986030780672}
  m_Mesh: {fileID: 1007111518027662814, guid: 21c284064f8234242a37d9a98c8fceee, type: 3}
--- !u!23 &6479931314290456028
MeshRenderer:
  m_ObjectHideFlags: 0
  m_CorrespondingSourceObject: {fileID: 0}
  m_PrefabInstance: {fileID: 0}
  m_PrefabAsset: {fileID: 0}
  m_GameObject: {fileID: 4742713986030780672}
  m_Enabled: 1
  m_CastShadows: 1
  m_ReceiveShadows: 1
  m_DynamicOccludee: 1
  m_MotionVectors: 1
  m_LightProbeUsage: 1
  m_ReflectionProbeUsage: 1
  m_RayTracingMode: 2
  m_RenderingLayerMask: 1
  m_RendererPriority: 0
  m_Materials:
  - {fileID: 2100000, guid: 4cee7a5983b187943adc589b9cb1f084, type: 2}
  m_StaticBatchInfo:
    firstSubMesh: 0
    subMeshCount: 0
  m_StaticBatchRoot: {fileID: 0}
  m_ProbeAnchor: {fileID: 0}
  m_LightProbeVolumeOverride: {fileID: 0}
  m_ScaleInLightmap: 1
  m_ReceiveGI: 1
  m_PreserveUVs: 0
  m_IgnoreNormalsForChartDetection: 0
  m_ImportantGI: 0
  m_StitchLightmapSeams: 1
  m_SelectedEditorRenderState: 3
  m_MinimumChartSize: 4
  m_AutoUVMaxDistance: 0.5
  m_AutoUVMaxAngle: 89
  m_LightmapParameters: {fileID: 0}
  m_SortingLayerID: 0
  m_SortingLayer: 0
  m_SortingOrder: 0
--- !u!1 &4763563075363103984
GameObject:
  m_ObjectHideFlags: 0
  m_CorrespondingSourceObject: {fileID: 0}
  m_PrefabInstance: {fileID: 0}
  m_PrefabAsset: {fileID: 0}
  serializedVersion: 6
  m_Component:
  - component: {fileID: 7266600797772554857}
  - component: {fileID: 1605703180557795981}
  - component: {fileID: 5588224100739766237}
  m_Layer: 0
  m_Name: Glasses
  m_TagString: Untagged
  m_Icon: {fileID: 0}
  m_NavMeshLayer: 0
  m_StaticEditorFlags: 0
  m_IsActive: 1
--- !u!4 &7266600797772554857
Transform:
  m_ObjectHideFlags: 0
  m_CorrespondingSourceObject: {fileID: 0}
  m_PrefabInstance: {fileID: 0}
  m_PrefabAsset: {fileID: 0}
  m_GameObject: {fileID: 4763563075363103984}
  m_LocalRotation: {x: -0, y: -0, z: 0.7071068, w: 0.7071068}
  m_LocalPosition: {x: 0, y: 1.441, z: 0.31199998}
  m_LocalScale: {x: 0.43140978, y: 0.43140978, z: 0.43140906}
  m_Children: []
  m_Father: {fileID: 7898892161994360187}
  m_RootOrder: 2
  m_LocalEulerAnglesHint: {x: 0, y: 0, z: 90}
--- !u!33 &1605703180557795981
MeshFilter:
  m_ObjectHideFlags: 0
  m_CorrespondingSourceObject: {fileID: 0}
  m_PrefabInstance: {fileID: 0}
  m_PrefabAsset: {fileID: 0}
  m_GameObject: {fileID: 4763563075363103984}
  m_Mesh: {fileID: 10208, guid: 0000000000000000e000000000000000, type: 0}
--- !u!23 &5588224100739766237
MeshRenderer:
  m_ObjectHideFlags: 0
  m_CorrespondingSourceObject: {fileID: 0}
  m_PrefabInstance: {fileID: 0}
  m_PrefabAsset: {fileID: 0}
  m_GameObject: {fileID: 4763563075363103984}
  m_Enabled: 1
  m_CastShadows: 0
  m_ReceiveShadows: 0
  m_DynamicOccludee: 0
  m_MotionVectors: 1
  m_LightProbeUsage: 1
  m_ReflectionProbeUsage: 1
  m_RayTracingMode: 2
  m_RenderingLayerMask: 1
  m_RendererPriority: 0
  m_Materials:
  - {fileID: 2100000, guid: 39c17ef02d7984b16941fb4f35556b8d, type: 2}
  m_StaticBatchInfo:
    firstSubMesh: 0
    subMeshCount: 0
  m_StaticBatchRoot: {fileID: 0}
  m_ProbeAnchor: {fileID: 0}
  m_LightProbeVolumeOverride: {fileID: 0}
  m_ScaleInLightmap: 1
  m_ReceiveGI: 1
  m_PreserveUVs: 0
  m_IgnoreNormalsForChartDetection: 0
  m_ImportantGI: 0
  m_StitchLightmapSeams: 1
  m_SelectedEditorRenderState: 3
  m_MinimumChartSize: 4
  m_AutoUVMaxDistance: 0.5
  m_AutoUVMaxAngle: 89
  m_LightmapParameters: {fileID: 0}
  m_SortingLayerID: 0
  m_SortingLayer: 0
  m_SortingOrder: 0
--- !u!1 &4914759076573461774
GameObject:
  m_ObjectHideFlags: 0
  m_CorrespondingSourceObject: {fileID: 0}
  m_PrefabInstance: {fileID: 0}
  m_PrefabAsset: {fileID: 0}
  serializedVersion: 6
  m_Component:
  - component: {fileID: 7689811977957035147}
  m_Layer: 0
  m_Name: ShotPoint
  m_TagString: Untagged
  m_Icon: {fileID: 0}
  m_NavMeshLayer: 0
  m_StaticEditorFlags: 0
  m_IsActive: 1
--- !u!4 &7689811977957035147
Transform:
  m_ObjectHideFlags: 0
  m_CorrespondingSourceObject: {fileID: 0}
  m_PrefabInstance: {fileID: 0}
  m_PrefabAsset: {fileID: 0}
  m_GameObject: {fileID: 4914759076573461774}
  m_LocalRotation: {x: 0, y: 0, z: 0, w: 1}
  m_LocalPosition: {x: -0, y: 0.006, z: 0.152}
  m_LocalScale: {x: 1, y: 1, z: 1}
  m_Children:
  - {fileID: 6167018071678481825}
  m_Father: {fileID: 1066473471557535314}
  m_RootOrder: 1
  m_LocalEulerAnglesHint: {x: 0, y: 0, z: 0}
--- !u!1 &5443925938910191951
GameObject:
  m_ObjectHideFlags: 0
  m_CorrespondingSourceObject: {fileID: 0}
  m_PrefabInstance: {fileID: 0}
  m_PrefabAsset: {fileID: 0}
  serializedVersion: 6
  m_Component:
  - component: {fileID: 9035065709774161259}
  m_Layer: 0
  m_Name: ShotPoint
  m_TagString: Untagged
  m_Icon: {fileID: 0}
  m_NavMeshLayer: 0
  m_StaticEditorFlags: 0
  m_IsActive: 1
--- !u!4 &9035065709774161259
Transform:
  m_ObjectHideFlags: 0
  m_CorrespondingSourceObject: {fileID: 0}
  m_PrefabInstance: {fileID: 0}
  m_PrefabAsset: {fileID: 0}
  m_GameObject: {fileID: 5443925938910191951}
  m_LocalRotation: {x: 0, y: 0, z: 0, w: 1}
  m_LocalPosition: {x: 0, y: 0.751, z: 0.746}
  m_LocalScale: {x: 1, y: 1, z: 1}
  m_Children: []
  m_Father: {fileID: 4276852129401104345}
  m_RootOrder: 1
  m_LocalEulerAnglesHint: {x: 0, y: 0, z: 0}
--- !u!1 &6708247931808705897
GameObject:
  m_ObjectHideFlags: 0
  m_CorrespondingSourceObject: {fileID: 0}
  m_PrefabInstance: {fileID: 0}
  m_PrefabAsset: {fileID: 0}
  serializedVersion: 6
  m_Component:
  - component: {fileID: 905909598919821730}
  - component: {fileID: 9185544024663677029}
  - component: {fileID: 7936228862449447484}
  m_Layer: 0
  m_Name: Bow
  m_TagString: Untagged
  m_Icon: {fileID: 0}
  m_NavMeshLayer: 0
  m_StaticEditorFlags: 0
  m_IsActive: 1
--- !u!4 &905909598919821730
Transform:
  m_ObjectHideFlags: 0
  m_CorrespondingSourceObject: {fileID: 0}
  m_PrefabInstance: {fileID: 0}
  m_PrefabAsset: {fileID: 0}
  m_GameObject: {fileID: 6708247931808705897}
  m_LocalRotation: {x: -0, y: -0, z: 0.83261275, w: 0.5538557}
  m_LocalPosition: {x: 0, y: 1, z: 1}
  m_LocalScale: {x: 0.2000005, y: 0.50000125, z: 0.2}
  m_Children: []
  m_Father: {fileID: 7898892161994360187}
  m_RootOrder: 1
  m_LocalEulerAnglesHint: {x: 0, y: 0, z: 112.73601}
--- !u!33 &9185544024663677029
MeshFilter:
  m_ObjectHideFlags: 0
  m_CorrespondingSourceObject: {fileID: 0}
  m_PrefabInstance: {fileID: 0}
  m_PrefabAsset: {fileID: 0}
  m_GameObject: {fileID: 6708247931808705897}
  m_Mesh: {fileID: 10206, guid: 0000000000000000e000000000000000, type: 0}
--- !u!23 &7936228862449447484
MeshRenderer:
  m_ObjectHideFlags: 0
  m_CorrespondingSourceObject: {fileID: 0}
  m_PrefabInstance: {fileID: 0}
  m_PrefabAsset: {fileID: 0}
  m_GameObject: {fileID: 6708247931808705897}
  m_Enabled: 1
  m_CastShadows: 0
  m_ReceiveShadows: 0
  m_DynamicOccludee: 0
  m_MotionVectors: 1
  m_LightProbeUsage: 1
  m_ReflectionProbeUsage: 1
  m_RayTracingMode: 2
  m_RenderingLayerMask: 1
  m_RendererPriority: 0
  m_Materials:
  - {fileID: 2100000, guid: 56c45adc4ef684eab8fe17812cc38652, type: 2}
  m_StaticBatchInfo:
    firstSubMesh: 0
    subMeshCount: 0
  m_StaticBatchRoot: {fileID: 0}
  m_ProbeAnchor: {fileID: 0}
  m_LightProbeVolumeOverride: {fileID: 0}
  m_ScaleInLightmap: 1
  m_ReceiveGI: 1
  m_PreserveUVs: 0
  m_IgnoreNormalsForChartDetection: 0
  m_ImportantGI: 0
  m_StitchLightmapSeams: 1
  m_SelectedEditorRenderState: 3
  m_MinimumChartSize: 4
  m_AutoUVMaxDistance: 0.5
  m_AutoUVMaxAngle: 89
  m_LightmapParameters: {fileID: 0}
  m_SortingLayerID: 0
  m_SortingLayer: 0
  m_SortingOrder: 0
--- !u!1 &7021927162909846430
GameObject:
  m_ObjectHideFlags: 0
  m_CorrespondingSourceObject: {fileID: 0}
  m_PrefabInstance: {fileID: 0}
  m_PrefabAsset: {fileID: 0}
  serializedVersion: 6
  m_Component:
  - component: {fileID: 7898892161994360187}
  - component: {fileID: 4330800704207996634}
  m_Layer: 10
  m_Name: Size
  m_TagString: Untagged
  m_Icon: {fileID: 0}
  m_NavMeshLayer: 0
  m_StaticEditorFlags: 0
  m_IsActive: 0
--- !u!4 &7898892161994360187
Transform:
  m_ObjectHideFlags: 0
  m_CorrespondingSourceObject: {fileID: 0}
  m_PrefabInstance: {fileID: 0}
  m_PrefabAsset: {fileID: 0}
  m_GameObject: {fileID: 7021927162909846430}
  m_LocalRotation: {x: 0, y: 0, z: 0, w: 1}
  m_LocalPosition: {x: 0, y: 0, z: 0}
  m_LocalScale: {x: 0.7, y: 0.7, z: 0.7}
  m_Children:
  - {fileID: 4276852129241688971}
  - {fileID: 905909598919821730}
  - {fileID: 7266600797772554857}
  m_Father: {fileID: 4276852129401104345}
  m_RootOrder: 0
  m_LocalEulerAnglesHint: {x: 0, y: 0, z: 0}
--- !u!136 &4330800704207996634
CapsuleCollider:
  m_ObjectHideFlags: 0
  m_CorrespondingSourceObject: {fileID: 0}
  m_PrefabInstance: {fileID: 0}
  m_PrefabAsset: {fileID: 0}
  m_GameObject: {fileID: 7021927162909846430}
  m_Material: {fileID: 0}
  m_IsTrigger: 0
  m_Enabled: 1
  m_Radius: 0.5
  m_Height: 2
  m_Direction: 1
  m_Center: {x: 0, y: 1, z: 0}
--- !u!1 &7022924567458608743
GameObject:
  m_ObjectHideFlags: 0
  m_CorrespondingSourceObject: {fileID: 0}
  m_PrefabInstance: {fileID: 0}
  m_PrefabAsset: {fileID: 0}
  serializedVersion: 6
  m_Component:
  - component: {fileID: 4361868140580418538}
  m_Layer: 0
  m_Name: GameObject
  m_TagString: Untagged
  m_Icon: {fileID: 0}
  m_NavMeshLayer: 0
  m_StaticEditorFlags: 0
  m_IsActive: 1
--- !u!4 &4361868140580418538
Transform:
  m_ObjectHideFlags: 0
  m_CorrespondingSourceObject: {fileID: 0}
  m_PrefabInstance: {fileID: 0}
  m_PrefabAsset: {fileID: 0}
  m_GameObject: {fileID: 7022924567458608743}
  m_LocalRotation: {x: 0.5961262, y: 0.02758762, z: 0.8015588, w: 0.037094705}
  m_LocalPosition: {x: -0.08, y: -0.025, z: -0.092}
  m_LocalScale: {x: 1, y: 1, z: 1}
  m_Children: []
  m_Father: {fileID: 1066473471557535314}
  m_RootOrder: 0
  m_LocalEulerAnglesHint: {x: 0, y: 73.277, z: 174.701}
--- !u!1 &7188615102261964339
GameObject:
  m_ObjectHideFlags: 0
  m_CorrespondingSourceObject: {fileID: 0}
  m_PrefabInstance: {fileID: 0}
  m_PrefabAsset: {fileID: 0}
  serializedVersion: 6
  m_Component:
  - component: {fileID: 8917382999125009675}
  m_Layer: 0
  m_Name: GameObject
  m_TagString: Untagged
  m_Icon: {fileID: 0}
  m_NavMeshLayer: 0
  m_StaticEditorFlags: 0
  m_IsActive: 1
--- !u!4 &8917382999125009675
Transform:
  m_ObjectHideFlags: 0
  m_CorrespondingSourceObject: {fileID: 0}
  m_PrefabInstance: {fileID: 0}
  m_PrefabAsset: {fileID: 0}
  m_GameObject: {fileID: 7188615102261964339}
  m_LocalRotation: {x: -0, y: -0, z: -0.6529543, w: 0.75739735}
  m_LocalPosition: {x: 0.028, y: -0.013, z: -0.178}
  m_LocalScale: {x: 1, y: 1, z: 1}
  m_Children: []
  m_Father: {fileID: 8613935723532432147}
  m_RootOrder: 3
  m_LocalEulerAnglesHint: {x: 0, y: 0, z: -81.52901}
--- !u!1 &7549434017684327122
GameObject:
  m_ObjectHideFlags: 0
  m_CorrespondingSourceObject: {fileID: 0}
  m_PrefabInstance: {fileID: 0}
  m_PrefabAsset: {fileID: 0}
  serializedVersion: 6
  m_Component:
  - component: {fileID: 4006753585846709556}
  - component: {fileID: 1562856024017403064}
  - component: {fileID: 7174293981241177302}
  - component: {fileID: 8950502400404551296}
  m_Layer: 5
  m_Name: Canvas
  m_TagString: Untagged
  m_Icon: {fileID: 0}
  m_NavMeshLayer: 0
  m_StaticEditorFlags: 0
  m_IsActive: 1
--- !u!224 &4006753585846709556
RectTransform:
  m_ObjectHideFlags: 0
  m_CorrespondingSourceObject: {fileID: 0}
  m_PrefabInstance: {fileID: 0}
  m_PrefabAsset: {fileID: 0}
  m_GameObject: {fileID: 7549434017684327122}
  m_LocalRotation: {x: 0.7071068, y: 0, z: 0, w: 0.7071068}
  m_LocalPosition: {x: 0, y: 0, z: -0.01}
  m_LocalScale: {x: 0.01, y: 0.01, z: 0.01}
  m_Children:
  - {fileID: 1052920967226026436}
  m_Father: {fileID: 4276852129401104345}
  m_RootOrder: 5
  m_LocalEulerAnglesHint: {x: 90, y: 0, z: 0}
  m_AnchorMin: {x: 0, y: 0}
  m_AnchorMax: {x: 0, y: 0}
  m_AnchoredPosition: {x: -0.04, y: 0.03}
  m_SizeDelta: {x: 266.011, y: 270.239}
  m_Pivot: {x: 0.5, y: 0.5}
--- !u!223 &1562856024017403064
Canvas:
  m_ObjectHideFlags: 0
  m_CorrespondingSourceObject: {fileID: 0}
  m_PrefabInstance: {fileID: 0}
  m_PrefabAsset: {fileID: 0}
  m_GameObject: {fileID: 7549434017684327122}
  m_Enabled: 1
  serializedVersion: 3
  m_RenderMode: 2
  m_Camera: {fileID: 0}
  m_PlaneDistance: 100
  m_PixelPerfect: 0
  m_ReceivesEvents: 1
  m_OverrideSorting: 0
  m_OverridePixelPerfect: 0
  m_SortingBucketNormalizedSize: 0
  m_AdditionalShaderChannelsFlag: 0
  m_SortingLayerID: 0
  m_SortingOrder: 0
  m_TargetDisplay: 0
--- !u!114 &7174293981241177302
MonoBehaviour:
  m_ObjectHideFlags: 0
  m_CorrespondingSourceObject: {fileID: 0}
  m_PrefabInstance: {fileID: 0}
  m_PrefabAsset: {fileID: 0}
  m_GameObject: {fileID: 7549434017684327122}
  m_Enabled: 1
  m_EditorHideFlags: 0
  m_Script: {fileID: 11500000, guid: 0cd44c1031e13a943bb63640046fad76, type: 3}
  m_Name: 
  m_EditorClassIdentifier: 
  m_UiScaleMode: 0
  m_ReferencePixelsPerUnit: 100
  m_ScaleFactor: 1
  m_ReferenceResolution: {x: 800, y: 600}
  m_ScreenMatchMode: 0
  m_MatchWidthOrHeight: 0
  m_PhysicalUnit: 3
  m_FallbackScreenDPI: 96
  m_DefaultSpriteDPI: 96
  m_DynamicPixelsPerUnit: 1
--- !u!114 &8950502400404551296
MonoBehaviour:
  m_ObjectHideFlags: 0
  m_CorrespondingSourceObject: {fileID: 0}
  m_PrefabInstance: {fileID: 0}
  m_PrefabAsset: {fileID: 0}
  m_GameObject: {fileID: 7549434017684327122}
  m_Enabled: 1
  m_EditorHideFlags: 0
  m_Script: {fileID: 11500000, guid: dc42784cf147c0c48a680349fa168899, type: 3}
  m_Name: 
  m_EditorClassIdentifier: 
  m_IgnoreReversedGraphics: 1
  m_BlockingObjects: 0
  m_BlockingMask:
    serializedVersion: 2
    m_Bits: 4294967295
--- !u!1 &7942901328088251513
GameObject:
  m_ObjectHideFlags: 0
  m_CorrespondingSourceObject: {fileID: 0}
  m_PrefabInstance: {fileID: 0}
  m_PrefabAsset: {fileID: 0}
  serializedVersion: 6
  m_Component:
  - component: {fileID: 1052920967226026436}
  - component: {fileID: 4343207616576950741}
  - component: {fileID: 608174305605369036}
  m_Layer: 5
  m_Name: Image
  m_TagString: Untagged
  m_Icon: {fileID: 0}
  m_NavMeshLayer: 0
  m_StaticEditorFlags: 0
  m_IsActive: 1
--- !u!224 &1052920967226026436
RectTransform:
  m_ObjectHideFlags: 0
  m_CorrespondingSourceObject: {fileID: 0}
  m_PrefabInstance: {fileID: 0}
  m_PrefabAsset: {fileID: 0}
  m_GameObject: {fileID: 7942901328088251513}
  m_LocalRotation: {x: 0, y: 0, z: 0, w: 1}
  m_LocalPosition: {x: 0, y: 0, z: 0}
  m_LocalScale: {x: 1, y: 1, z: 1}
  m_Children: []
  m_Father: {fileID: 4006753585846709556}
  m_RootOrder: 0
  m_LocalEulerAnglesHint: {x: 0, y: 0, z: 0}
  m_AnchorMin: {x: 0.5, y: 0.5}
  m_AnchorMax: {x: 0.5, y: 0.5}
  m_AnchoredPosition: {x: 0, y: 0}
  m_SizeDelta: {x: 321, y: 321}
  m_Pivot: {x: 0.5, y: 0.5}
--- !u!222 &4343207616576950741
CanvasRenderer:
  m_ObjectHideFlags: 0
  m_CorrespondingSourceObject: {fileID: 0}
  m_PrefabInstance: {fileID: 0}
  m_PrefabAsset: {fileID: 0}
  m_GameObject: {fileID: 7942901328088251513}
  m_CullTransparentMesh: 0
--- !u!114 &608174305605369036
MonoBehaviour:
  m_ObjectHideFlags: 0
  m_CorrespondingSourceObject: {fileID: 0}
  m_PrefabInstance: {fileID: 0}
  m_PrefabAsset: {fileID: 0}
  m_GameObject: {fileID: 7942901328088251513}
  m_Enabled: 1
  m_EditorHideFlags: 0
  m_Script: {fileID: 11500000, guid: fe87c0e1cc204ed48ad3b37840f39efc, type: 3}
  m_Name: 
  m_EditorClassIdentifier: 
  m_Material: {fileID: 0}
  m_Color: {r: 1, g: 1, b: 1, a: 1}
  m_RaycastTarget: 1
  m_OnCullStateChanged:
    m_PersistentCalls:
      m_Calls: []
  m_Sprite: {fileID: 21300000, guid: 27335b6ca1d44844e96be893af580c2e, type: 3}
  m_Type: 0
  m_PreserveAspect: 0
  m_FillCenter: 1
  m_FillMethod: 4
  m_FillAmount: 1
  m_FillClockwise: 1
  m_FillOrigin: 0
  m_UseSpriteMesh: 0
  m_PixelsPerUnitMultiplier: 1
--- !u!114 &6801519790181046625
MonoBehaviour:
  m_ObjectHideFlags: 0
  m_CorrespondingSourceObject: {fileID: 0}
  m_PrefabInstance: {fileID: 0}
  m_PrefabAsset: {fileID: 0}
  m_GameObject: {fileID: 8163593564790184659}
  m_Enabled: 1
  m_EditorHideFlags: 0
  m_Script: {fileID: 11500000, guid: 00f3072f28829744b8c612beff02337c, type: 3}
  m_Name: 
  m_EditorClassIdentifier: 
  ikActive: 1
  rightHandObj: {fileID: 8917382999125009675}
  leftHandObj: {fileID: 4361868140580418538}
--- !u!1 &8354602096093677098
GameObject:
  m_ObjectHideFlags: 0
  m_CorrespondingSourceObject: {fileID: 0}
  m_PrefabInstance: {fileID: 0}
  m_PrefabAsset: {fileID: 0}
  serializedVersion: 6
  m_Component:
  - component: {fileID: 2515805616556017885}
  - component: {fileID: 606821998543960356}
  - component: {fileID: 7543056326420403777}
  m_Layer: 0
  m_Name: _SM_Wep_Shotgun_Trigger_01
  m_TagString: Untagged
  m_Icon: {fileID: 0}
  m_NavMeshLayer: 0
  m_StaticEditorFlags: 0
  m_IsActive: 1
--- !u!4 &2515805616556017885
Transform:
  m_ObjectHideFlags: 0
  m_CorrespondingSourceObject: {fileID: 0}
  m_PrefabInstance: {fileID: 0}
  m_PrefabAsset: {fileID: 0}
  m_GameObject: {fileID: 8354602096093677098}
  m_LocalRotation: {x: 0, y: -0, z: -0, w: 1}
  m_LocalPosition: {x: -0.0000025707482, y: 0.036636982, z: 0.063907266}
  m_LocalScale: {x: 1, y: 1, z: 1}
  m_Children: []
  m_Father: {fileID: 8613935723532432147}
  m_RootOrder: 2
  m_LocalEulerAnglesHint: {x: 0, y: 0, z: 0}
--- !u!33 &606821998543960356
MeshFilter:
  m_ObjectHideFlags: 0
  m_CorrespondingSourceObject: {fileID: 0}
  m_PrefabInstance: {fileID: 0}
  m_PrefabAsset: {fileID: 0}
  m_GameObject: {fileID: 8354602096093677098}
  m_Mesh: {fileID: 5362555135554053314, guid: 21c284064f8234242a37d9a98c8fceee, type: 3}
--- !u!23 &7543056326420403777
MeshRenderer:
  m_ObjectHideFlags: 0
  m_CorrespondingSourceObject: {fileID: 0}
  m_PrefabInstance: {fileID: 0}
  m_PrefabAsset: {fileID: 0}
  m_GameObject: {fileID: 8354602096093677098}
  m_Enabled: 1
  m_CastShadows: 1
  m_ReceiveShadows: 1
  m_DynamicOccludee: 1
  m_MotionVectors: 1
  m_LightProbeUsage: 1
  m_ReflectionProbeUsage: 1
  m_RayTracingMode: 2
  m_RenderingLayerMask: 1
  m_RendererPriority: 0
  m_Materials:
  - {fileID: 2100000, guid: 4cee7a5983b187943adc589b9cb1f084, type: 2}
  m_StaticBatchInfo:
    firstSubMesh: 0
    subMeshCount: 0
  m_StaticBatchRoot: {fileID: 0}
  m_ProbeAnchor: {fileID: 0}
  m_LightProbeVolumeOverride: {fileID: 0}
  m_ScaleInLightmap: 1
  m_ReceiveGI: 1
  m_PreserveUVs: 0
  m_IgnoreNormalsForChartDetection: 0
  m_ImportantGI: 0
  m_StitchLightmapSeams: 1
  m_SelectedEditorRenderState: 3
  m_MinimumChartSize: 4
  m_AutoUVMaxDistance: 0.5
  m_AutoUVMaxAngle: 89
  m_LightmapParameters: {fileID: 0}
  m_SortingLayerID: 0
  m_SortingLayer: 0
  m_SortingOrder: 0
--- !u!1 &9028967610266439234
GameObject:
  m_ObjectHideFlags: 0
  m_CorrespondingSourceObject: {fileID: 0}
  m_PrefabInstance: {fileID: 0}
  m_PrefabAsset: {fileID: 0}
  serializedVersion: 6
  m_Component:
  - component: {fileID: 1066473471557535314}
  - component: {fileID: 242907414128553896}
  - component: {fileID: 6002029538217865748}
  m_Layer: 0
  m_Name: _SM_Wep_Shotgun_Pump_01
  m_TagString: Untagged
  m_Icon: {fileID: 0}
  m_NavMeshLayer: 0
  m_StaticEditorFlags: 0
  m_IsActive: 1
--- !u!4 &1066473471557535314
Transform:
  m_ObjectHideFlags: 0
  m_CorrespondingSourceObject: {fileID: 0}
  m_PrefabInstance: {fileID: 0}
  m_PrefabAsset: {fileID: 0}
  m_GameObject: {fileID: 9028967610266439234}
  m_LocalRotation: {x: 0, y: -0, z: -0, w: 1}
  m_LocalPosition: {x: 0.000060605405, y: 0.05546516, z: 0.42254043}
  m_LocalScale: {x: 1, y: 1, z: 1}
  m_Children:
  - {fileID: 4361868140580418538}
  - {fileID: 7689811977957035147}
  m_Father: {fileID: 8613935723532432147}
  m_RootOrder: 0
  m_LocalEulerAnglesHint: {x: 0, y: 0, z: 0}
--- !u!33 &242907414128553896
MeshFilter:
  m_ObjectHideFlags: 0
  m_CorrespondingSourceObject: {fileID: 0}
  m_PrefabInstance: {fileID: 0}
  m_PrefabAsset: {fileID: 0}
  m_GameObject: {fileID: 9028967610266439234}
  m_Mesh: {fileID: 8721174133486267704, guid: 21c284064f8234242a37d9a98c8fceee, type: 3}
--- !u!23 &6002029538217865748
MeshRenderer:
  m_ObjectHideFlags: 0
  m_CorrespondingSourceObject: {fileID: 0}
  m_PrefabInstance: {fileID: 0}
  m_PrefabAsset: {fileID: 0}
  m_GameObject: {fileID: 9028967610266439234}
  m_Enabled: 1
  m_CastShadows: 1
  m_ReceiveShadows: 1
  m_DynamicOccludee: 1
  m_MotionVectors: 1
  m_LightProbeUsage: 1
  m_ReflectionProbeUsage: 1
  m_RayTracingMode: 2
  m_RenderingLayerMask: 1
  m_RendererPriority: 0
  m_Materials:
  - {fileID: 2100000, guid: 4cee7a5983b187943adc589b9cb1f084, type: 2}
  m_StaticBatchInfo:
    firstSubMesh: 0
    subMeshCount: 0
  m_StaticBatchRoot: {fileID: 0}
  m_ProbeAnchor: {fileID: 0}
  m_LightProbeVolumeOverride: {fileID: 0}
  m_ScaleInLightmap: 1
  m_ReceiveGI: 1
  m_PreserveUVs: 0
  m_IgnoreNormalsForChartDetection: 0
  m_ImportantGI: 0
  m_StitchLightmapSeams: 1
  m_SelectedEditorRenderState: 3
  m_MinimumChartSize: 4
  m_AutoUVMaxDistance: 0.5
  m_AutoUVMaxAngle: 89
  m_LightmapParameters: {fileID: 0}
  m_SortingLayerID: 0
  m_SortingLayer: 0
  m_SortingOrder: 0
--- !u!1001 &174237470269146074
PrefabInstance:
  m_ObjectHideFlags: 0
  serializedVersion: 2
  m_Modification:
    m_TransformParent: {fileID: 4276852129401104345}
    m_Modifications:
    - target: {fileID: -8733672348123611604, guid: 30e965dc15699e544b7257ccf873e588,
        type: 3}
      propertyPath: m_Layer
      value: 10
      objectReference: {fileID: 0}
    - target: {fileID: -8516005792813872781, guid: 30e965dc15699e544b7257ccf873e588,
        type: 3}
      propertyPath: m_Layer
      value: 10
      objectReference: {fileID: 0}
    - target: {fileID: -8511009771986308319, guid: 30e965dc15699e544b7257ccf873e588,
        type: 3}
      propertyPath: m_Layer
      value: 10
      objectReference: {fileID: 0}
    - target: {fileID: -7589542814618883254, guid: 30e965dc15699e544b7257ccf873e588,
        type: 3}
      propertyPath: m_Layer
      value: 10
      objectReference: {fileID: 0}
    - target: {fileID: -7551398136165543123, guid: 30e965dc15699e544b7257ccf873e588,
        type: 3}
      propertyPath: m_Layer
      value: 10
      objectReference: {fileID: 0}
    - target: {fileID: -7179394545242994651, guid: 30e965dc15699e544b7257ccf873e588,
        type: 3}
      propertyPath: m_Layer
      value: 10
      objectReference: {fileID: 0}
    - target: {fileID: -6599519456017948139, guid: 30e965dc15699e544b7257ccf873e588,
        type: 3}
      propertyPath: m_Layer
      value: 10
      objectReference: {fileID: 0}
    - target: {fileID: -6190122955639018155, guid: 30e965dc15699e544b7257ccf873e588,
        type: 3}
      propertyPath: m_Layer
      value: 10
      objectReference: {fileID: 0}
    - target: {fileID: -6057140222963153312, guid: 30e965dc15699e544b7257ccf873e588,
        type: 3}
      propertyPath: m_Controller
      value: 
      objectReference: {fileID: 9100000, guid: 630006a784a63b4409714f5124db5a0f, type: 2}
    - target: {fileID: -6057140222963153312, guid: 30e965dc15699e544b7257ccf873e588,
        type: 3}
      propertyPath: m_ApplyRootMotion
      value: 0
      objectReference: {fileID: 0}
    - target: {fileID: -6057140222963153312, guid: 30e965dc15699e544b7257ccf873e588,
        type: 3}
      propertyPath: m_WarningMessage
      value: 
      objectReference: {fileID: 0}
    - target: {fileID: -6057140222963153312, guid: 30e965dc15699e544b7257ccf873e588,
        type: 3}
      propertyPath: m_Avatar
      value: 
      objectReference: {fileID: 9000000, guid: f386f7be6c37318428ee06393903aefd, type: 3}
    - target: {fileID: -5451565518417144970, guid: 30e965dc15699e544b7257ccf873e588,
        type: 3}
      propertyPath: m_Layer
      value: 10
      objectReference: {fileID: 0}
    - target: {fileID: -4634681892573474364, guid: 30e965dc15699e544b7257ccf873e588,
        type: 3}
      propertyPath: m_Layer
      value: 10
      objectReference: {fileID: 0}
    - target: {fileID: -4604581690085630676, guid: 30e965dc15699e544b7257ccf873e588,
        type: 3}
      propertyPath: m_Layer
      value: 10
      objectReference: {fileID: 0}
    - target: {fileID: -4216859302048453862, guid: 30e965dc15699e544b7257ccf873e588,
        type: 3}
      propertyPath: m_LocalPosition.x
      value: 0
      objectReference: {fileID: 0}
    - target: {fileID: -4216859302048453862, guid: 30e965dc15699e544b7257ccf873e588,
        type: 3}
      propertyPath: m_LocalPosition.y
      value: 0
      objectReference: {fileID: 0}
    - target: {fileID: -4216859302048453862, guid: 30e965dc15699e544b7257ccf873e588,
        type: 3}
      propertyPath: m_LocalPosition.z
      value: 0
      objectReference: {fileID: 0}
    - target: {fileID: -4216859302048453862, guid: 30e965dc15699e544b7257ccf873e588,
        type: 3}
      propertyPath: m_LocalRotation.x
      value: 0
      objectReference: {fileID: 0}
    - target: {fileID: -4216859302048453862, guid: 30e965dc15699e544b7257ccf873e588,
        type: 3}
      propertyPath: m_LocalRotation.y
      value: 0
      objectReference: {fileID: 0}
    - target: {fileID: -4216859302048453862, guid: 30e965dc15699e544b7257ccf873e588,
        type: 3}
      propertyPath: m_LocalRotation.z
      value: 0
      objectReference: {fileID: 0}
    - target: {fileID: -4216859302048453862, guid: 30e965dc15699e544b7257ccf873e588,
        type: 3}
      propertyPath: m_LocalRotation.w
      value: 1
      objectReference: {fileID: 0}
    - target: {fileID: -4216859302048453862, guid: 30e965dc15699e544b7257ccf873e588,
        type: 3}
      propertyPath: m_RootOrder
      value: 3
      objectReference: {fileID: 0}
    - target: {fileID: -4216859302048453862, guid: 30e965dc15699e544b7257ccf873e588,
        type: 3}
      propertyPath: m_LocalEulerAnglesHint.x
      value: 0
      objectReference: {fileID: 0}
    - target: {fileID: -4216859302048453862, guid: 30e965dc15699e544b7257ccf873e588,
        type: 3}
      propertyPath: m_LocalEulerAnglesHint.y
      value: 0
      objectReference: {fileID: 0}
    - target: {fileID: -4216859302048453862, guid: 30e965dc15699e544b7257ccf873e588,
        type: 3}
      propertyPath: m_LocalEulerAnglesHint.z
      value: 0
      objectReference: {fileID: 0}
    - target: {fileID: -4216859302048453862, guid: 30e965dc15699e544b7257ccf873e588,
        type: 3}
      propertyPath: m_LocalScale.x
      value: 1.35
      objectReference: {fileID: 0}
    - target: {fileID: -4216859302048453862, guid: 30e965dc15699e544b7257ccf873e588,
        type: 3}
      propertyPath: m_LocalScale.y
      value: 1.35
      objectReference: {fileID: 0}
    - target: {fileID: -4216859302048453862, guid: 30e965dc15699e544b7257ccf873e588,
        type: 3}
      propertyPath: m_LocalScale.z
      value: 1.35
      objectReference: {fileID: 0}
    - target: {fileID: -2418483777315402979, guid: 30e965dc15699e544b7257ccf873e588,
        type: 3}
      propertyPath: m_Layer
      value: 10
      objectReference: {fileID: 0}
    - target: {fileID: -1964085562912883289, guid: 30e965dc15699e544b7257ccf873e588,
        type: 3}
      propertyPath: m_Layer
      value: 10
      objectReference: {fileID: 0}
    - target: {fileID: -1945648898623866772, guid: 30e965dc15699e544b7257ccf873e588,
        type: 3}
      propertyPath: m_Layer
      value: 10
      objectReference: {fileID: 0}
    - target: {fileID: -1635255614692966384, guid: 30e965dc15699e544b7257ccf873e588,
        type: 3}
      propertyPath: m_Materials.Array.data[0]
      value: 
      objectReference: {fileID: 2100000, guid: 2f71600beb98940499c586e2532f9fda, type: 2}
    - target: {fileID: -927199367670048503, guid: 30e965dc15699e544b7257ccf873e588,
        type: 3}
      propertyPath: m_Name
      value: BizzCo_Main
      objectReference: {fileID: 0}
    - target: {fileID: -927199367670048503, guid: 30e965dc15699e544b7257ccf873e588,
        type: 3}
      propertyPath: m_Layer
      value: 10
      objectReference: {fileID: 0}
    - target: {fileID: -404514236858080188, guid: 30e965dc15699e544b7257ccf873e588,
        type: 3}
      propertyPath: m_Layer
      value: 10
      objectReference: {fileID: 0}
    - target: {fileID: 1286714580947469253, guid: 30e965dc15699e544b7257ccf873e588,
        type: 3}
      propertyPath: m_Layer
      value: 10
      objectReference: {fileID: 0}
    - target: {fileID: 1343001670709650164, guid: 30e965dc15699e544b7257ccf873e588,
        type: 3}
      propertyPath: m_Layer
      value: 10
      objectReference: {fileID: 0}
    - target: {fileID: 1401011054992182494, guid: 30e965dc15699e544b7257ccf873e588,
        type: 3}
      propertyPath: m_Layer
      value: 10
      objectReference: {fileID: 0}
    - target: {fileID: 2014207769570917869, guid: 30e965dc15699e544b7257ccf873e588,
        type: 3}
      propertyPath: m_Layer
      value: 10
      objectReference: {fileID: 0}
    - target: {fileID: 2635143325980444033, guid: 30e965dc15699e544b7257ccf873e588,
        type: 3}
      propertyPath: m_Layer
      value: 10
      objectReference: {fileID: 0}
    - target: {fileID: 3412626655519790023, guid: 30e965dc15699e544b7257ccf873e588,
        type: 3}
      propertyPath: m_Layer
      value: 10
      objectReference: {fileID: 0}
    - target: {fileID: 5123787595691358254, guid: 30e965dc15699e544b7257ccf873e588,
        type: 3}
      propertyPath: m_Layer
      value: 10
      objectReference: {fileID: 0}
    - target: {fileID: 6122915635156059457, guid: 30e965dc15699e544b7257ccf873e588,
        type: 3}
      propertyPath: m_Layer
      value: 10
      objectReference: {fileID: 0}
    - target: {fileID: 6159682854871670081, guid: 30e965dc15699e544b7257ccf873e588,
        type: 3}
      propertyPath: m_Layer
      value: 10
      objectReference: {fileID: 0}
    - target: {fileID: 6441383693857464078, guid: 30e965dc15699e544b7257ccf873e588,
        type: 3}
      propertyPath: m_Layer
      value: 10
      objectReference: {fileID: 0}
    - target: {fileID: 6632580578029999436, guid: 30e965dc15699e544b7257ccf873e588,
        type: 3}
      propertyPath: m_Layer
      value: 10
      objectReference: {fileID: 0}
    - target: {fileID: 7460434086830587875, guid: 30e965dc15699e544b7257ccf873e588,
        type: 3}
      propertyPath: m_Layer
      value: 10
      objectReference: {fileID: 0}
    - target: {fileID: 7492166784374636211, guid: 30e965dc15699e544b7257ccf873e588,
        type: 3}
      propertyPath: m_Layer
      value: 10
      objectReference: {fileID: 0}
    - target: {fileID: 7634098286193930938, guid: 30e965dc15699e544b7257ccf873e588,
        type: 3}
      propertyPath: m_Layer
      value: 10
      objectReference: {fileID: 0}
    - target: {fileID: 8023994364839319052, guid: 30e965dc15699e544b7257ccf873e588,
        type: 3}
      propertyPath: m_Layer
      value: 10
      objectReference: {fileID: 0}
    - target: {fileID: 8164130249200020979, guid: 30e965dc15699e544b7257ccf873e588,
        type: 3}
      propertyPath: m_Layer
      value: 10
      objectReference: {fileID: 0}
    - target: {fileID: 8906118495680449663, guid: 30e965dc15699e544b7257ccf873e588,
        type: 3}
      propertyPath: m_Layer
      value: 10
      objectReference: {fileID: 0}
    m_RemovedComponents: []
  m_SourcePrefab: {fileID: 100100000, guid: 30e965dc15699e544b7257ccf873e588, type: 3}
--- !u!95 &2998186795809211834 stripped
Animator:
  m_CorrespondingSourceObject: {fileID: -6057140222963153312, guid: 30e965dc15699e544b7257ccf873e588,
    type: 3}
  m_PrefabInstance: {fileID: 174237470269146074}
  m_PrefabAsset: {fileID: 0}
--- !u!4 &5121068593608206528 stripped
Transform:
  m_CorrespondingSourceObject: {fileID: -4216859302048453862, guid: 30e965dc15699e544b7257ccf873e588,
    type: 3}
  m_PrefabInstance: {fileID: 174237470269146074}
  m_PrefabAsset: {fileID: 0}
--- !u!1 &8163593564790184659 stripped
GameObject:
  m_CorrespondingSourceObject: {fileID: -927199367670048503, guid: 30e965dc15699e544b7257ccf873e588,
    type: 3}
  m_PrefabInstance: {fileID: 174237470269146074}
  m_PrefabAsset: {fileID: 0}
--- !u!4 &9109759932911253508 stripped
Transform:
  m_CorrespondingSourceObject: {fileID: -286160635979990050, guid: 30e965dc15699e544b7257ccf873e588,
    type: 3}
  m_PrefabInstance: {fileID: 174237470269146074}
  m_PrefabAsset: {fileID: 0}
--- !u!1001 &2008653131035615725
PrefabInstance:
  m_ObjectHideFlags: 0
  serializedVersion: 2
  m_Modification:
    m_TransformParent: {fileID: 2911187554298870648}
    m_Modifications:
    - target: {fileID: 152564, guid: 0e4a7fa9fd28f154b91c98ee6fe8ebea, type: 3}
      propertyPath: m_Name
      value: HealBig
      objectReference: {fileID: 0}
    - target: {fileID: 152564, guid: 0e4a7fa9fd28f154b91c98ee6fe8ebea, type: 3}
      propertyPath: m_IsActive
      value: 1
      objectReference: {fileID: 0}
    - target: {fileID: 424006, guid: 0e4a7fa9fd28f154b91c98ee6fe8ebea, type: 3}
      propertyPath: m_LocalPosition.x
      value: 0
      objectReference: {fileID: 0}
    - target: {fileID: 424006, guid: 0e4a7fa9fd28f154b91c98ee6fe8ebea, type: 3}
      propertyPath: m_LocalPosition.y
      value: 0
      objectReference: {fileID: 0}
    - target: {fileID: 424006, guid: 0e4a7fa9fd28f154b91c98ee6fe8ebea, type: 3}
      propertyPath: m_LocalPosition.z
      value: 0
      objectReference: {fileID: 0}
    - target: {fileID: 424006, guid: 0e4a7fa9fd28f154b91c98ee6fe8ebea, type: 3}
      propertyPath: m_LocalRotation.x
      value: -0.7071068
      objectReference: {fileID: 0}
    - target: {fileID: 424006, guid: 0e4a7fa9fd28f154b91c98ee6fe8ebea, type: 3}
      propertyPath: m_LocalRotation.y
      value: 0
      objectReference: {fileID: 0}
    - target: {fileID: 424006, guid: 0e4a7fa9fd28f154b91c98ee6fe8ebea, type: 3}
      propertyPath: m_LocalRotation.z
      value: 0
      objectReference: {fileID: 0}
    - target: {fileID: 424006, guid: 0e4a7fa9fd28f154b91c98ee6fe8ebea, type: 3}
      propertyPath: m_LocalRotation.w
      value: 0.7071068
      objectReference: {fileID: 0}
    - target: {fileID: 424006, guid: 0e4a7fa9fd28f154b91c98ee6fe8ebea, type: 3}
      propertyPath: m_RootOrder
      value: 0
      objectReference: {fileID: 0}
    - target: {fileID: 424006, guid: 0e4a7fa9fd28f154b91c98ee6fe8ebea, type: 3}
      propertyPath: m_LocalEulerAnglesHint.x
      value: -90
      objectReference: {fileID: 0}
    - target: {fileID: 424006, guid: 0e4a7fa9fd28f154b91c98ee6fe8ebea, type: 3}
      propertyPath: m_LocalEulerAnglesHint.y
      value: 0
      objectReference: {fileID: 0}
    - target: {fileID: 424006, guid: 0e4a7fa9fd28f154b91c98ee6fe8ebea, type: 3}
      propertyPath: m_LocalEulerAnglesHint.z
      value: 0
      objectReference: {fileID: 0}
    - target: {fileID: 19802628, guid: 0e4a7fa9fd28f154b91c98ee6fe8ebea, type: 3}
      propertyPath: playOnAwake
      value: 0
      objectReference: {fileID: 0}
    - target: {fileID: 19802628, guid: 0e4a7fa9fd28f154b91c98ee6fe8ebea, type: 3}
      propertyPath: InitialModule.startSizeY.minMaxState
      value: 3
      objectReference: {fileID: 0}
    - target: {fileID: 19802628, guid: 0e4a7fa9fd28f154b91c98ee6fe8ebea, type: 3}
      propertyPath: InitialModule.startSizeZ.minMaxState
      value: 3
      objectReference: {fileID: 0}
    - target: {fileID: 19802628, guid: 0e4a7fa9fd28f154b91c98ee6fe8ebea, type: 3}
      propertyPath: InitialModule.startRotationX.minMaxState
      value: 3
      objectReference: {fileID: 0}
    - target: {fileID: 19802628, guid: 0e4a7fa9fd28f154b91c98ee6fe8ebea, type: 3}
      propertyPath: InitialModule.startRotationY.minMaxState
      value: 3
      objectReference: {fileID: 0}
    - target: {fileID: 19803030, guid: 0e4a7fa9fd28f154b91c98ee6fe8ebea, type: 3}
      propertyPath: playOnAwake
      value: 0
      objectReference: {fileID: 0}
    - target: {fileID: 19803030, guid: 0e4a7fa9fd28f154b91c98ee6fe8ebea, type: 3}
      propertyPath: lengthInSec
      value: 1
      objectReference: {fileID: 0}
    - target: {fileID: 19803030, guid: 0e4a7fa9fd28f154b91c98ee6fe8ebea, type: 3}
      propertyPath: stopAction
      value: 0
      objectReference: {fileID: 0}
    - target: {fileID: 19820498, guid: 0e4a7fa9fd28f154b91c98ee6fe8ebea, type: 3}
      propertyPath: playOnAwake
      value: 0
      objectReference: {fileID: 0}
    - target: {fileID: 19820498, guid: 0e4a7fa9fd28f154b91c98ee6fe8ebea, type: 3}
      propertyPath: InitialModule.startRotationX.minMaxState
      value: 3
      objectReference: {fileID: 0}
    - target: {fileID: 19820498, guid: 0e4a7fa9fd28f154b91c98ee6fe8ebea, type: 3}
      propertyPath: InitialModule.startRotationY.minMaxState
      value: 3
      objectReference: {fileID: 0}
    - target: {fileID: 19851098, guid: 0e4a7fa9fd28f154b91c98ee6fe8ebea, type: 3}
      propertyPath: playOnAwake
      value: 0
      objectReference: {fileID: 0}
    - target: {fileID: 19851098, guid: 0e4a7fa9fd28f154b91c98ee6fe8ebea, type: 3}
      propertyPath: InitialModule.startSizeY.minMaxState
      value: 3
      objectReference: {fileID: 0}
    - target: {fileID: 19851098, guid: 0e4a7fa9fd28f154b91c98ee6fe8ebea, type: 3}
      propertyPath: InitialModule.startSizeZ.minMaxState
      value: 3
      objectReference: {fileID: 0}
    - target: {fileID: 19851098, guid: 0e4a7fa9fd28f154b91c98ee6fe8ebea, type: 3}
      propertyPath: InitialModule.startRotationX.minMaxState
      value: 3
      objectReference: {fileID: 0}
    - target: {fileID: 19851098, guid: 0e4a7fa9fd28f154b91c98ee6fe8ebea, type: 3}
      propertyPath: InitialModule.startRotationY.minMaxState
      value: 3
      objectReference: {fileID: 0}
    - target: {fileID: 19886972, guid: 0e4a7fa9fd28f154b91c98ee6fe8ebea, type: 3}
      propertyPath: playOnAwake
      value: 0
      objectReference: {fileID: 0}
    - target: {fileID: 19886972, guid: 0e4a7fa9fd28f154b91c98ee6fe8ebea, type: 3}
      propertyPath: InitialModule.startSizeY.minMaxState
      value: 3
      objectReference: {fileID: 0}
    - target: {fileID: 19886972, guid: 0e4a7fa9fd28f154b91c98ee6fe8ebea, type: 3}
      propertyPath: InitialModule.startSizeZ.minMaxState
      value: 3
      objectReference: {fileID: 0}
    - target: {fileID: 19886972, guid: 0e4a7fa9fd28f154b91c98ee6fe8ebea, type: 3}
      propertyPath: InitialModule.startRotationX.minMaxState
      value: 3
      objectReference: {fileID: 0}
    - target: {fileID: 19886972, guid: 0e4a7fa9fd28f154b91c98ee6fe8ebea, type: 3}
      propertyPath: InitialModule.startRotationY.minMaxState
      value: 3
      objectReference: {fileID: 0}
    m_RemovedComponents: []
  m_SourcePrefab: {fileID: 100100000, guid: 0e4a7fa9fd28f154b91c98ee6fe8ebea, type: 3}
--- !u!4 &2008653131035761067 stripped
Transform:
  m_CorrespondingSourceObject: {fileID: 424006, guid: 0e4a7fa9fd28f154b91c98ee6fe8ebea,
    type: 3}
  m_PrefabInstance: {fileID: 2008653131035615725}
  m_PrefabAsset: {fileID: 0}
--- !u!198 &2008653131054090875 stripped
ParticleSystem:
  m_CorrespondingSourceObject: {fileID: 19803030, guid: 0e4a7fa9fd28f154b91c98ee6fe8ebea,
    type: 3}
  m_PrefabInstance: {fileID: 2008653131035615725}
  m_PrefabAsset: {fileID: 0}
--- !u!1001 &3745080439769873553
PrefabInstance:
  m_ObjectHideFlags: 0
  serializedVersion: 2
  m_Modification:
    m_TransformParent: {fileID: 2911187554298870648}
    m_Modifications:
    - target: {fileID: 121962, guid: 22e35da3d2c81274bb1c8fd73cca399e, type: 3}
      propertyPath: m_Name
      value: GreenBloodSplatWide
      objectReference: {fileID: 0}
    - target: {fileID: 121962, guid: 22e35da3d2c81274bb1c8fd73cca399e, type: 3}
      propertyPath: m_IsActive
      value: 1
      objectReference: {fileID: 0}
    - target: {fileID: 449218, guid: 22e35da3d2c81274bb1c8fd73cca399e, type: 3}
      propertyPath: m_LocalPosition.x
      value: 0.08
      objectReference: {fileID: 0}
    - target: {fileID: 449218, guid: 22e35da3d2c81274bb1c8fd73cca399e, type: 3}
      propertyPath: m_LocalPosition.y
      value: 0.42
      objectReference: {fileID: 0}
    - target: {fileID: 449218, guid: 22e35da3d2c81274bb1c8fd73cca399e, type: 3}
      propertyPath: m_LocalPosition.z
      value: -0.06
      objectReference: {fileID: 0}
    - target: {fileID: 449218, guid: 22e35da3d2c81274bb1c8fd73cca399e, type: 3}
      propertyPath: m_LocalRotation.x
      value: 0
      objectReference: {fileID: 0}
    - target: {fileID: 449218, guid: 22e35da3d2c81274bb1c8fd73cca399e, type: 3}
      propertyPath: m_LocalRotation.y
      value: 0
      objectReference: {fileID: 0}
    - target: {fileID: 449218, guid: 22e35da3d2c81274bb1c8fd73cca399e, type: 3}
      propertyPath: m_LocalRotation.z
      value: -0.7071068
      objectReference: {fileID: 0}
    - target: {fileID: 449218, guid: 22e35da3d2c81274bb1c8fd73cca399e, type: 3}
      propertyPath: m_LocalRotation.w
      value: 0.7071068
      objectReference: {fileID: 0}
    - target: {fileID: 449218, guid: 22e35da3d2c81274bb1c8fd73cca399e, type: 3}
      propertyPath: m_RootOrder
      value: 2
      objectReference: {fileID: 0}
    - target: {fileID: 449218, guid: 22e35da3d2c81274bb1c8fd73cca399e, type: 3}
      propertyPath: m_LocalEulerAnglesHint.x
      value: 0
      objectReference: {fileID: 0}
    - target: {fileID: 449218, guid: 22e35da3d2c81274bb1c8fd73cca399e, type: 3}
      propertyPath: m_LocalEulerAnglesHint.y
      value: 0
      objectReference: {fileID: 0}
    - target: {fileID: 449218, guid: 22e35da3d2c81274bb1c8fd73cca399e, type: 3}
      propertyPath: m_LocalEulerAnglesHint.z
      value: -90
      objectReference: {fileID: 0}
    - target: {fileID: 19840564, guid: 22e35da3d2c81274bb1c8fd73cca399e, type: 3}
      propertyPath: playOnAwake
      value: 0
      objectReference: {fileID: 0}
    m_RemovedComponents: []
  m_SourcePrefab: {fileID: 100100000, guid: 22e35da3d2c81274bb1c8fd73cca399e, type: 3}
--- !u!4 &3745080439769523795 stripped
Transform:
  m_CorrespondingSourceObject: {fileID: 449218, guid: 22e35da3d2c81274bb1c8fd73cca399e,
    type: 3}
  m_PrefabInstance: {fileID: 3745080439769873553}
  m_PrefabAsset: {fileID: 0}
--- !u!198 &3745080439750099621 stripped
ParticleSystem:
  m_CorrespondingSourceObject: {fileID: 19840564, guid: 22e35da3d2c81274bb1c8fd73cca399e,
    type: 3}
  m_PrefabInstance: {fileID: 3745080439769873553}
  m_PrefabAsset: {fileID: 0}
--- !u!1001 &4736991064716640000
PrefabInstance:
  m_ObjectHideFlags: 0
  serializedVersion: 2
  m_Modification:
    m_TransformParent: {fileID: 2911187554298870648}
    m_Modifications:
    - target: {fileID: 156376, guid: 0d7b7026c8027f74d90cb7460d16f00d, type: 3}
      propertyPath: m_Name
      value: GreenBloodDripping
      objectReference: {fileID: 0}
    - target: {fileID: 156376, guid: 0d7b7026c8027f74d90cb7460d16f00d, type: 3}
      propertyPath: m_IsActive
      value: 1
      objectReference: {fileID: 0}
    - target: {fileID: 432276, guid: 0d7b7026c8027f74d90cb7460d16f00d, type: 3}
      propertyPath: m_LocalPosition.x
      value: 0
      objectReference: {fileID: 0}
    - target: {fileID: 432276, guid: 0d7b7026c8027f74d90cb7460d16f00d, type: 3}
      propertyPath: m_LocalPosition.y
      value: 1.36
      objectReference: {fileID: 0}
    - target: {fileID: 432276, guid: 0d7b7026c8027f74d90cb7460d16f00d, type: 3}
      propertyPath: m_LocalPosition.z
      value: -0
      objectReference: {fileID: 0}
    - target: {fileID: 432276, guid: 0d7b7026c8027f74d90cb7460d16f00d, type: 3}
      propertyPath: m_LocalRotation.x
      value: -0.5000001
      objectReference: {fileID: 0}
    - target: {fileID: 432276, guid: 0d7b7026c8027f74d90cb7460d16f00d, type: 3}
      propertyPath: m_LocalRotation.y
      value: 0.5
      objectReference: {fileID: 0}
    - target: {fileID: 432276, guid: 0d7b7026c8027f74d90cb7460d16f00d, type: 3}
      propertyPath: m_LocalRotation.z
      value: -0.5
      objectReference: {fileID: 0}
    - target: {fileID: 432276, guid: 0d7b7026c8027f74d90cb7460d16f00d, type: 3}
      propertyPath: m_LocalRotation.w
      value: 0.49999994
      objectReference: {fileID: 0}
    - target: {fileID: 432276, guid: 0d7b7026c8027f74d90cb7460d16f00d, type: 3}
      propertyPath: m_RootOrder
      value: 1
      objectReference: {fileID: 0}
    - target: {fileID: 432276, guid: 0d7b7026c8027f74d90cb7460d16f00d, type: 3}
      propertyPath: m_LocalEulerAnglesHint.x
      value: 0
      objectReference: {fileID: 0}
    - target: {fileID: 432276, guid: 0d7b7026c8027f74d90cb7460d16f00d, type: 3}
      propertyPath: m_LocalEulerAnglesHint.y
      value: 90
      objectReference: {fileID: 0}
    - target: {fileID: 432276, guid: 0d7b7026c8027f74d90cb7460d16f00d, type: 3}
      propertyPath: m_LocalEulerAnglesHint.z
      value: -90
      objectReference: {fileID: 0}
    - target: {fileID: 19838190, guid: 0d7b7026c8027f74d90cb7460d16f00d, type: 3}
      propertyPath: InitialModule.startSizeY.minMaxState
      value: 3
      objectReference: {fileID: 0}
    - target: {fileID: 19838190, guid: 0d7b7026c8027f74d90cb7460d16f00d, type: 3}
      propertyPath: InitialModule.startSizeZ.minMaxState
      value: 3
      objectReference: {fileID: 0}
    - target: {fileID: 19838190, guid: 0d7b7026c8027f74d90cb7460d16f00d, type: 3}
      propertyPath: playOnAwake
      value: 0
      objectReference: {fileID: 0}
    - target: {fileID: 19838190, guid: 0d7b7026c8027f74d90cb7460d16f00d, type: 3}
      propertyPath: CollisionModule.enabled
      value: 0
      objectReference: {fileID: 0}
    - target: {fileID: 19838190, guid: 0d7b7026c8027f74d90cb7460d16f00d, type: 3}
      propertyPath: stopAction
      value: 0
      objectReference: {fileID: 0}
    - target: {fileID: 19852198, guid: 0d7b7026c8027f74d90cb7460d16f00d, type: 3}
      propertyPath: stopAction
      value: 0
      objectReference: {fileID: 0}
    - target: {fileID: 19852198, guid: 0d7b7026c8027f74d90cb7460d16f00d, type: 3}
      propertyPath: playOnAwake
      value: 0
      objectReference: {fileID: 0}
    - target: {fileID: 19852198, guid: 0d7b7026c8027f74d90cb7460d16f00d, type: 3}
      propertyPath: InitialModule.startLifetime.minMaxState
      value: 0
      objectReference: {fileID: 0}
    - target: {fileID: 19852198, guid: 0d7b7026c8027f74d90cb7460d16f00d, type: 3}
      propertyPath: looping
      value: 0
      objectReference: {fileID: 0}
    - target: {fileID: 19852198, guid: 0d7b7026c8027f74d90cb7460d16f00d, type: 3}
      propertyPath: CollisionModule.collidesWith.m_Bits
      value: 262144
      objectReference: {fileID: 0}
    - target: {fileID: 19852198, guid: 0d7b7026c8027f74d90cb7460d16f00d, type: 3}
      propertyPath: InitialModule.startSize.minScalar
      value: 0.2
      objectReference: {fileID: 0}
    - target: {fileID: 19852198, guid: 0d7b7026c8027f74d90cb7460d16f00d, type: 3}
      propertyPath: InitialModule.startSize.scalar
      value: 0.15
      objectReference: {fileID: 0}
    - target: {fileID: 19982132, guid: 0d7b7026c8027f74d90cb7460d16f00d, type: 3}
      propertyPath: m_Materials.Array.data[0]
      value: 
      objectReference: {fileID: 2100000, guid: 9b8212bd23a204746ac5439d4bb7d56c, type: 2}
    - target: {fileID: 19982132, guid: 0d7b7026c8027f74d90cb7460d16f00d, type: 3}
      propertyPath: m_Materials.Array.data[1]
      value: 
      objectReference: {fileID: 2100000, guid: 9b8212bd23a204746ac5439d4bb7d56c, type: 2}
    m_RemovedComponents: []
  m_SourcePrefab: {fileID: 100100000, guid: 0d7b7026c8027f74d90cb7460d16f00d, type: 3}
--- !u!4 &4736991064716797844 stripped
Transform:
  m_CorrespondingSourceObject: {fileID: 432276, guid: 0d7b7026c8027f74d90cb7460d16f00d,
    type: 3}
  m_PrefabInstance: {fileID: 4736991064716640000}
  m_PrefabAsset: {fileID: 0}
--- !u!198 &4736991064731980966 stripped
ParticleSystem:
  m_CorrespondingSourceObject: {fileID: 19852198, guid: 0d7b7026c8027f74d90cb7460d16f00d,
    type: 3}
  m_PrefabInstance: {fileID: 4736991064716640000}
  m_PrefabAsset: {fileID: 0}
--- !u!1001 &6167018071678020881
PrefabInstance:
  m_ObjectHideFlags: 0
  serializedVersion: 2
  m_Modification:
    m_TransformParent: {fileID: 7689811977957035147}
    m_Modifications:
    - target: {fileID: 195376, guid: 346f3bf3686d682498113714ee132099, type: 3}
      propertyPath: m_Name
      value: GunFireYellow
      objectReference: {fileID: 0}
    - target: {fileID: 465072, guid: 346f3bf3686d682498113714ee132099, type: 3}
      propertyPath: m_LocalPosition.x
      value: 0
      objectReference: {fileID: 0}
    - target: {fileID: 465072, guid: 346f3bf3686d682498113714ee132099, type: 3}
      propertyPath: m_LocalPosition.y
      value: 0.024
      objectReference: {fileID: 0}
    - target: {fileID: 465072, guid: 346f3bf3686d682498113714ee132099, type: 3}
      propertyPath: m_LocalPosition.z
      value: -0.064
      objectReference: {fileID: 0}
    - target: {fileID: 465072, guid: 346f3bf3686d682498113714ee132099, type: 3}
      propertyPath: m_LocalRotation.x
      value: 0.9987192
      objectReference: {fileID: 0}
    - target: {fileID: 465072, guid: 346f3bf3686d682498113714ee132099, type: 3}
      propertyPath: m_LocalRotation.y
      value: 0.0000001639127
      objectReference: {fileID: 0}
    - target: {fileID: 465072, guid: 346f3bf3686d682498113714ee132099, type: 3}
      propertyPath: m_LocalRotation.z
      value: 0.0000002682208
      objectReference: {fileID: 0}
    - target: {fileID: 465072, guid: 346f3bf3686d682498113714ee132099, type: 3}
      propertyPath: m_LocalRotation.w
      value: -0.05059523
      objectReference: {fileID: 0}
    - target: {fileID: 465072, guid: 346f3bf3686d682498113714ee132099, type: 3}
      propertyPath: m_RootOrder
      value: 0
      objectReference: {fileID: 0}
    - target: {fileID: 465072, guid: 346f3bf3686d682498113714ee132099, type: 3}
      propertyPath: m_LocalEulerAnglesHint.x
      value: 185.8
      objectReference: {fileID: 0}
    - target: {fileID: 465072, guid: 346f3bf3686d682498113714ee132099, type: 3}
      propertyPath: m_LocalEulerAnglesHint.y
      value: 0
      objectReference: {fileID: 0}
    - target: {fileID: 465072, guid: 346f3bf3686d682498113714ee132099, type: 3}
      propertyPath: m_LocalEulerAnglesHint.z
      value: 0
      objectReference: {fileID: 0}
    - target: {fileID: 19813786, guid: 346f3bf3686d682498113714ee132099, type: 3}
      propertyPath: InitialModule.startSizeY.minMaxState
      value: 3
      objectReference: {fileID: 0}
    - target: {fileID: 19813786, guid: 346f3bf3686d682498113714ee132099, type: 3}
      propertyPath: InitialModule.startSizeZ.minMaxState
      value: 3
      objectReference: {fileID: 0}
    - target: {fileID: 19813786, guid: 346f3bf3686d682498113714ee132099, type: 3}
      propertyPath: InitialModule.startRotationX.minMaxState
      value: 3
      objectReference: {fileID: 0}
    - target: {fileID: 19813786, guid: 346f3bf3686d682498113714ee132099, type: 3}
      propertyPath: InitialModule.startRotationY.minMaxState
      value: 3
      objectReference: {fileID: 0}
    - target: {fileID: 19813786, guid: 346f3bf3686d682498113714ee132099, type: 3}
      propertyPath: startDelay.scalar
      value: 0.2
      objectReference: {fileID: 0}
    - target: {fileID: 19813786, guid: 346f3bf3686d682498113714ee132099, type: 3}
      propertyPath: playOnAwake
      value: 0
      objectReference: {fileID: 0}
    - target: {fileID: 19821322, guid: 346f3bf3686d682498113714ee132099, type: 3}
      propertyPath: playOnAwake
      value: 0
      objectReference: {fileID: 0}
    - target: {fileID: 19837712, guid: 346f3bf3686d682498113714ee132099, type: 3}
      propertyPath: playOnAwake
      value: 0
      objectReference: {fileID: 0}
    - target: {fileID: 19837712, guid: 346f3bf3686d682498113714ee132099, type: 3}
      propertyPath: InitialModule.startSizeY.minMaxState
      value: 3
      objectReference: {fileID: 0}
    - target: {fileID: 19837712, guid: 346f3bf3686d682498113714ee132099, type: 3}
      propertyPath: InitialModule.startSizeZ.minMaxState
      value: 3
      objectReference: {fileID: 0}
    - target: {fileID: 19837712, guid: 346f3bf3686d682498113714ee132099, type: 3}
      propertyPath: InitialModule.startRotationX.minMaxState
      value: 3
      objectReference: {fileID: 0}
    - target: {fileID: 19837712, guid: 346f3bf3686d682498113714ee132099, type: 3}
      propertyPath: InitialModule.startRotationY.minMaxState
      value: 3
      objectReference: {fileID: 0}
    - target: {fileID: 19849280, guid: 346f3bf3686d682498113714ee132099, type: 3}
      propertyPath: playOnAwake
      value: 0
      objectReference: {fileID: 0}
    - target: {fileID: 19849280, guid: 346f3bf3686d682498113714ee132099, type: 3}
      propertyPath: InitialModule.startRotationX.minMaxState
      value: 3
      objectReference: {fileID: 0}
    - target: {fileID: 19849280, guid: 346f3bf3686d682498113714ee132099, type: 3}
      propertyPath: InitialModule.startRotationY.minMaxState
      value: 3
      objectReference: {fileID: 0}
    m_RemovedComponents: []
  m_SourcePrefab: {fileID: 100100000, guid: 346f3bf3686d682498113714ee132099, type: 3}
--- !u!4 &6167018071678481825 stripped
Transform:
  m_CorrespondingSourceObject: {fileID: 465072, guid: 346f3bf3686d682498113714ee132099,
    type: 3}
  m_PrefabInstance: {fileID: 6167018071678020881}
  m_PrefabAsset: {fileID: 0}
--- !u!198 &6167018071663196299 stripped
ParticleSystem:
  m_CorrespondingSourceObject: {fileID: 19813786, guid: 346f3bf3686d682498113714ee132099,
    type: 3}
  m_PrefabInstance: {fileID: 6167018071678020881}
  m_PrefabAsset: {fileID: 0}
--- !u!1001 &6433333746849760575
PrefabInstance:
  m_ObjectHideFlags: 0
  serializedVersion: 2
  m_Modification:
    m_TransformParent: {fileID: 4276852129401104345}
    m_Modifications:
    - target: {fileID: 2237608192215519650, guid: 25b4d61151208c1458c9fd6eccfe2726,
        type: 3}
      propertyPath: m_Name
      value: Canvas
      objectReference: {fileID: 0}
    - target: {fileID: 2588313851353880288, guid: 25b4d61151208c1458c9fd6eccfe2726,
        type: 3}
      propertyPath: m_LocalPosition.x
      value: 0
      objectReference: {fileID: 0}
    - target: {fileID: 2588313851353880288, guid: 25b4d61151208c1458c9fd6eccfe2726,
        type: 3}
      propertyPath: m_LocalPosition.y
      value: 0
      objectReference: {fileID: 0}
    - target: {fileID: 2588313851353880288, guid: 25b4d61151208c1458c9fd6eccfe2726,
        type: 3}
      propertyPath: m_LocalPosition.z
      value: 0
      objectReference: {fileID: 0}
    - target: {fileID: 2588313851353880288, guid: 25b4d61151208c1458c9fd6eccfe2726,
        type: 3}
      propertyPath: m_LocalRotation.x
      value: -0
      objectReference: {fileID: 0}
    - target: {fileID: 2588313851353880288, guid: 25b4d61151208c1458c9fd6eccfe2726,
        type: 3}
      propertyPath: m_LocalRotation.y
      value: -0
      objectReference: {fileID: 0}
    - target: {fileID: 2588313851353880288, guid: 25b4d61151208c1458c9fd6eccfe2726,
        type: 3}
      propertyPath: m_LocalRotation.z
      value: -0
      objectReference: {fileID: 0}
    - target: {fileID: 2588313851353880288, guid: 25b4d61151208c1458c9fd6eccfe2726,
        type: 3}
      propertyPath: m_LocalRotation.w
      value: 1
      objectReference: {fileID: 0}
    - target: {fileID: 2588313851353880288, guid: 25b4d61151208c1458c9fd6eccfe2726,
        type: 3}
      propertyPath: m_RootOrder
      value: 2
      objectReference: {fileID: 0}
    - target: {fileID: 2588313851353880288, guid: 25b4d61151208c1458c9fd6eccfe2726,
        type: 3}
      propertyPath: m_LocalEulerAnglesHint.x
      value: 0
      objectReference: {fileID: 0}
    - target: {fileID: 2588313851353880288, guid: 25b4d61151208c1458c9fd6eccfe2726,
        type: 3}
      propertyPath: m_LocalEulerAnglesHint.y
      value: 0
      objectReference: {fileID: 0}
    - target: {fileID: 2588313851353880288, guid: 25b4d61151208c1458c9fd6eccfe2726,
        type: 3}
      propertyPath: m_LocalEulerAnglesHint.z
      value: 0
      objectReference: {fileID: 0}
    - target: {fileID: 2588313851353880288, guid: 25b4d61151208c1458c9fd6eccfe2726,
        type: 3}
      propertyPath: m_AnchoredPosition.x
      value: -0.04168701
      objectReference: {fileID: 0}
    - target: {fileID: 2588313851353880288, guid: 25b4d61151208c1458c9fd6eccfe2726,
        type: 3}
      propertyPath: m_AnchoredPosition.y
      value: 4.447
      objectReference: {fileID: 0}
    - target: {fileID: 2588313851353880288, guid: 25b4d61151208c1458c9fd6eccfe2726,
        type: 3}
      propertyPath: m_SizeDelta.x
      value: 223.174
      objectReference: {fileID: 0}
    - target: {fileID: 2588313851353880288, guid: 25b4d61151208c1458c9fd6eccfe2726,
        type: 3}
      propertyPath: m_SizeDelta.y
      value: 229.507
      objectReference: {fileID: 0}
    - target: {fileID: 2588313851353880288, guid: 25b4d61151208c1458c9fd6eccfe2726,
        type: 3}
      propertyPath: m_AnchorMin.x
      value: 0
      objectReference: {fileID: 0}
    - target: {fileID: 2588313851353880288, guid: 25b4d61151208c1458c9fd6eccfe2726,
        type: 3}
      propertyPath: m_AnchorMin.y
      value: 0
      objectReference: {fileID: 0}
    - target: {fileID: 2588313851353880288, guid: 25b4d61151208c1458c9fd6eccfe2726,
        type: 3}
      propertyPath: m_AnchorMax.x
      value: 0
      objectReference: {fileID: 0}
    - target: {fileID: 2588313851353880288, guid: 25b4d61151208c1458c9fd6eccfe2726,
        type: 3}
      propertyPath: m_AnchorMax.y
      value: 0
      objectReference: {fileID: 0}
    - target: {fileID: 2588313851353880288, guid: 25b4d61151208c1458c9fd6eccfe2726,
        type: 3}
      propertyPath: m_Pivot.x
      value: 0.5
      objectReference: {fileID: 0}
    - target: {fileID: 2588313851353880288, guid: 25b4d61151208c1458c9fd6eccfe2726,
        type: 3}
      propertyPath: m_Pivot.y
      value: 0.5
      objectReference: {fileID: 0}
    - target: {fileID: 2915124917502215573, guid: 25b4d61151208c1458c9fd6eccfe2726,
        type: 3}
      propertyPath: m_Color.r
      value: 1
      objectReference: {fileID: 0}
    - target: {fileID: 2915124917502215573, guid: 25b4d61151208c1458c9fd6eccfe2726,
        type: 3}
      propertyPath: m_Color.g
      value: 1
      objectReference: {fileID: 0}
    - target: {fileID: 2915124917502215573, guid: 25b4d61151208c1458c9fd6eccfe2726,
        type: 3}
      propertyPath: m_Color.b
      value: 1
      objectReference: {fileID: 0}
    - target: {fileID: 8347504560020632870, guid: 25b4d61151208c1458c9fd6eccfe2726,
        type: 3}
      propertyPath: m_Sprite
      value: 
      objectReference: {fileID: 21300000, guid: f9344cbbd167e464ab7649179f25d2c3,
        type: 3}
    m_RemovedComponents: []
  m_SourcePrefab: {fileID: 100100000, guid: 25b4d61151208c1458c9fd6eccfe2726, type: 3}
--- !u!114 &6316981650766737852 stripped
MonoBehaviour:
  m_CorrespondingSourceObject: {fileID: 1075700203125732483, guid: 25b4d61151208c1458c9fd6eccfe2726,
    type: 3}
  m_PrefabInstance: {fileID: 6433333746849760575}
  m_PrefabAsset: {fileID: 0}
  m_GameObject: {fileID: 0}
  m_Enabled: 1
  m_EditorHideFlags: 0
  m_Script: {fileID: 11500000, guid: 02ff40c15eb431947a3329564f4e6802, type: 3}
  m_Name: 
  m_EditorClassIdentifier: 
--- !u!224 &8839514174727427039 stripped
RectTransform:
  m_CorrespondingSourceObject: {fileID: 2588313851353880288, guid: 25b4d61151208c1458c9fd6eccfe2726,
    type: 3}
  m_PrefabInstance: {fileID: 6433333746849760575}
  m_PrefabAsset: {fileID: 0}
--- !u!1001 &6838966770183069838
PrefabInstance:
  m_ObjectHideFlags: 0
  serializedVersion: 2
  m_Modification:
    m_TransformParent: {fileID: 2911187554298870648}
    m_Modifications:
    - target: {fileID: 168956, guid: ae17d4a182a7e02448b4e420f9da16ea, type: 3}
      propertyPath: m_Name
      value: GreenBloodPoolGrowing
      objectReference: {fileID: 0}
    - target: {fileID: 168956, guid: ae17d4a182a7e02448b4e420f9da16ea, type: 3}
      propertyPath: m_IsActive
      value: 1
      objectReference: {fileID: 0}
    - target: {fileID: 406892, guid: ae17d4a182a7e02448b4e420f9da16ea, type: 3}
      propertyPath: m_LocalPosition.x
      value: 0
      objectReference: {fileID: 0}
    - target: {fileID: 406892, guid: ae17d4a182a7e02448b4e420f9da16ea, type: 3}
      propertyPath: m_LocalPosition.y
      value: 0
      objectReference: {fileID: 0}
    - target: {fileID: 406892, guid: ae17d4a182a7e02448b4e420f9da16ea, type: 3}
      propertyPath: m_LocalPosition.z
      value: 0
      objectReference: {fileID: 0}
    - target: {fileID: 406892, guid: ae17d4a182a7e02448b4e420f9da16ea, type: 3}
      propertyPath: m_LocalRotation.x
      value: -0.7071068
      objectReference: {fileID: 0}
    - target: {fileID: 406892, guid: ae17d4a182a7e02448b4e420f9da16ea, type: 3}
      propertyPath: m_LocalRotation.y
      value: 0
      objectReference: {fileID: 0}
    - target: {fileID: 406892, guid: ae17d4a182a7e02448b4e420f9da16ea, type: 3}
      propertyPath: m_LocalRotation.z
      value: 0
      objectReference: {fileID: 0}
    - target: {fileID: 406892, guid: ae17d4a182a7e02448b4e420f9da16ea, type: 3}
      propertyPath: m_LocalRotation.w
      value: 0.7071068
      objectReference: {fileID: 0}
    - target: {fileID: 406892, guid: ae17d4a182a7e02448b4e420f9da16ea, type: 3}
      propertyPath: m_RootOrder
      value: 3
      objectReference: {fileID: 0}
    - target: {fileID: 406892, guid: ae17d4a182a7e02448b4e420f9da16ea, type: 3}
      propertyPath: m_LocalEulerAnglesHint.x
      value: -90
      objectReference: {fileID: 0}
    - target: {fileID: 406892, guid: ae17d4a182a7e02448b4e420f9da16ea, type: 3}
      propertyPath: m_LocalEulerAnglesHint.y
      value: 0
      objectReference: {fileID: 0}
    - target: {fileID: 406892, guid: ae17d4a182a7e02448b4e420f9da16ea, type: 3}
      propertyPath: m_LocalEulerAnglesHint.z
      value: 0
      objectReference: {fileID: 0}
    - target: {fileID: 19836996, guid: ae17d4a182a7e02448b4e420f9da16ea, type: 3}
      propertyPath: InitialModule.startSizeY.minMaxState
      value: 3
      objectReference: {fileID: 0}
    - target: {fileID: 19836996, guid: ae17d4a182a7e02448b4e420f9da16ea, type: 3}
      propertyPath: InitialModule.startSizeZ.minMaxState
      value: 3
      objectReference: {fileID: 0}
    - target: {fileID: 19836996, guid: ae17d4a182a7e02448b4e420f9da16ea, type: 3}
      propertyPath: looping
      value: 0
      objectReference: {fileID: 0}
    - target: {fileID: 19836996, guid: ae17d4a182a7e02448b4e420f9da16ea, type: 3}
      propertyPath: lengthInSec
      value: 5
      objectReference: {fileID: 0}
    - target: {fileID: 19836996, guid: ae17d4a182a7e02448b4e420f9da16ea, type: 3}
      propertyPath: InitialModule.startLifetime.scalar
      value: 5
      objectReference: {fileID: 0}
    - target: {fileID: 19836996, guid: ae17d4a182a7e02448b4e420f9da16ea, type: 3}
      propertyPath: playOnAwake
      value: 0
      objectReference: {fileID: 0}
    m_RemovedComponents: []
  m_SourcePrefab: {fileID: 100100000, guid: ae17d4a182a7e02448b4e420f9da16ea, type: 3}
--- !u!4 &6838966770182673890 stripped
Transform:
  m_CorrespondingSourceObject: {fileID: 406892, guid: ae17d4a182a7e02448b4e420f9da16ea,
    type: 3}
  m_PrefabInstance: {fileID: 6838966770183069838}
  m_PrefabAsset: {fileID: 0}
--- !u!198 &6838966770164355274 stripped
ParticleSystem:
  m_CorrespondingSourceObject: {fileID: 19836996, guid: ae17d4a182a7e02448b4e420f9da16ea,
    type: 3}
  m_PrefabInstance: {fileID: 6838966770183069838}
  m_PrefabAsset: {fileID: 0}
