%YAML 1.1
%TAG !u! tag:unity3d.com,2011:
--- !u!1 &3314860211771032620
GameObject:
  m_ObjectHideFlags: 0
  m_CorrespondingSourceObject: {fileID: 0}
  m_PrefabInstance: {fileID: 0}
  m_PrefabAsset: {fileID: 0}
  serializedVersion: 6
  m_Component:
  - component: {fileID: 3314860211771032621}
  - component: {fileID: 3314860211771032616}
  - component: {fileID: 3314860211771032619}
  - component: {fileID: 3314860211771032618}
  - component: {fileID: 3314860211771032617}
  m_Layer: 5
  m_Name: Play - Btn
  m_TagString: Untagged
  m_Icon: {fileID: 0}
  m_NavMeshLayer: 0
  m_StaticEditorFlags: 0
  m_IsActive: 1
--- !u!224 &3314860211771032621
RectTransform:
  m_ObjectHideFlags: 0
  m_CorrespondingSourceObject: {fileID: 0}
  m_PrefabInstance: {fileID: 0}
  m_PrefabAsset: {fileID: 0}
  m_GameObject: {fileID: 3314860211771032620}
  m_LocalRotation: {x: -0, y: -0, z: -0, w: 1}
  m_LocalPosition: {x: 0, y: 0, z: 0}
  m_LocalScale: {x: 1, y: 1, z: 1}
  m_Children:
  - {fileID: 6287640625821077069}
  - {fileID: 3314860212642357884}
  - {fileID: 6287640625279736226}
  m_Father: {fileID: 3314860211950624710}
  m_RootOrder: 1
  m_LocalEulerAnglesHint: {x: 0, y: 0, z: 0}
  m_AnchorMin: {x: 0.30231482, y: 0.12473958}
  m_AnchorMax: {x: 0.6976852, y: 0.24192709}
  m_AnchoredPosition: {x: 0, y: 0}
  m_SizeDelta: {x: 0, y: 0}
  m_Pivot: {x: 0.5, y: 0.5}
--- !u!222 &3314860211771032616
CanvasRenderer:
  m_ObjectHideFlags: 0
  m_CorrespondingSourceObject: {fileID: 0}
  m_PrefabInstance: {fileID: 0}
  m_PrefabAsset: {fileID: 0}
  m_GameObject: {fileID: 3314860211771032620}
  m_CullTransparentMesh: 0
--- !u!114 &3314860211771032619
MonoBehaviour:
  m_ObjectHideFlags: 0
  m_CorrespondingSourceObject: {fileID: 0}
  m_PrefabInstance: {fileID: 0}
  m_PrefabAsset: {fileID: 0}
  m_GameObject: {fileID: 3314860211771032620}
  m_Enabled: 1
  m_EditorHideFlags: 0
  m_Script: {fileID: 11500000, guid: fe87c0e1cc204ed48ad3b37840f39efc, type: 3}
  m_Name: 
  m_EditorClassIdentifier: 
  m_Material: {fileID: 0}
  m_Color: {r: 1, g: 1, b: 1, a: 1}
  m_RaycastTarget: 1
  m_OnCullStateChanged:
    m_PersistentCalls:
      m_Calls: []
  m_Sprite: {fileID: 21300000, guid: 24089e4ffc7a68d4e80f47b85f0aabbe, type: 3}
  m_Type: 0
  m_PreserveAspect: 0
  m_FillCenter: 1
  m_FillMethod: 4
  m_FillAmount: 1
  m_FillClockwise: 1
  m_FillOrigin: 0
  m_UseSpriteMesh: 0
  m_PixelsPerUnitMultiplier: 1
--- !u!114 &3314860211771032618
MonoBehaviour:
  m_ObjectHideFlags: 0
  m_CorrespondingSourceObject: {fileID: 0}
  m_PrefabInstance: {fileID: 0}
  m_PrefabAsset: {fileID: 0}
  m_GameObject: {fileID: 3314860211771032620}
  m_Enabled: 1
  m_EditorHideFlags: 0
  m_Script: {fileID: 11500000, guid: 4e29b1a8efbd4b44bb3f3716e73f07ff, type: 3}
  m_Name: 
  m_EditorClassIdentifier: 
  m_Navigation:
    m_Mode: 0
    m_SelectOnUp: {fileID: 0}
    m_SelectOnDown: {fileID: 0}
    m_SelectOnLeft: {fileID: 0}
    m_SelectOnRight: {fileID: 0}
  m_Transition: 2
  m_Colors:
    m_NormalColor: {r: 1, g: 1, b: 1, a: 1}
    m_HighlightedColor: {r: 0.9607843, g: 0.9607843, b: 0.9607843, a: 1}
    m_PressedColor: {r: 0.78431374, g: 0.78431374, b: 0.78431374, a: 1}
    m_SelectedColor: {r: 0.9607843, g: 0.9607843, b: 0.9607843, a: 1}
    m_DisabledColor: {r: 0.78431374, g: 0.78431374, b: 0.78431374, a: 0.5019608}
    m_ColorMultiplier: 1
    m_FadeDuration: 0.1
  m_SpriteState:
    m_HighlightedSprite: {fileID: 21300000, guid: b2b7ddb16198aff40a589a4641c2a5db,
      type: 3}
    m_PressedSprite: {fileID: 21300000, guid: b2b7ddb16198aff40a589a4641c2a5db, type: 3}
    m_SelectedSprite: {fileID: 0}
    m_DisabledSprite: {fileID: 0}
  m_AnimationTriggers:
    m_NormalTrigger: Normal
    m_HighlightedTrigger: Highlighted
    m_PressedTrigger: Pressed
    m_SelectedTrigger: Selected
    m_DisabledTrigger: Disabled
  m_Interactable: 1
  m_TargetGraphic: {fileID: 3314860211771032619}
  m_OnClick:
    m_PersistentCalls:
      m_Calls: []
--- !u!114 &3314860211771032617
MonoBehaviour:
  m_ObjectHideFlags: 0
  m_CorrespondingSourceObject: {fileID: 0}
  m_PrefabInstance: {fileID: 0}
  m_PrefabAsset: {fileID: 0}
  m_GameObject: {fileID: 3314860211771032620}
  m_Enabled: 1
  m_EditorHideFlags: 0
  m_Script: {fileID: 11500000, guid: 74a18a3a2436a224d8d61cca27b85235, type: 3}
  m_Name: 
  m_EditorClassIdentifier: 
  disableCancelHandler: 0
--- !u!1 &3314860211880851049
GameObject:
  m_ObjectHideFlags: 0
  m_CorrespondingSourceObject: {fileID: 0}
  m_PrefabInstance: {fileID: 0}
  m_PrefabAsset: {fileID: 0}
  serializedVersion: 6
  m_Component:
  - component: {fileID: 3314860211880851030}
  - component: {fileID: 3314860211880851028}
  - component: {fileID: 3314860211880851031}
  - component: {fileID: 1272510092}
  m_Layer: 5
  m_Name: Image
  m_TagString: Untagged
  m_Icon: {fileID: 0}
  m_NavMeshLayer: 0
  m_StaticEditorFlags: 0
  m_IsActive: 1
--- !u!224 &3314860211880851030
RectTransform:
  m_ObjectHideFlags: 0
  m_CorrespondingSourceObject: {fileID: 0}
  m_PrefabInstance: {fileID: 0}
  m_PrefabAsset: {fileID: 0}
  m_GameObject: {fileID: 3314860211880851049}
  m_LocalRotation: {x: -0, y: -0, z: -0, w: 1}
  m_LocalPosition: {x: 0, y: 0, z: 0}
  m_LocalScale: {x: 1, y: 1, z: 1}
  m_Children: []
  m_Father: {fileID: 2593075594642785126}
  m_RootOrder: 1
  m_LocalEulerAnglesHint: {x: 0, y: 0, z: 0}
  m_AnchorMin: {x: 0.1587963, y: 0.14249958}
  m_AnchorMax: {x: 0.8412037, y: 0.8825296}
  m_AnchoredPosition: {x: 0, y: 15}
  m_SizeDelta: {x: 0, y: 0}
  m_Pivot: {x: 0.5, y: 0.5}
--- !u!222 &3314860211880851028
CanvasRenderer:
  m_ObjectHideFlags: 0
  m_CorrespondingSourceObject: {fileID: 0}
  m_PrefabInstance: {fileID: 0}
  m_PrefabAsset: {fileID: 0}
  m_GameObject: {fileID: 3314860211880851049}
  m_CullTransparentMesh: 0
--- !u!114 &3314860211880851031
MonoBehaviour:
  m_ObjectHideFlags: 0
  m_CorrespondingSourceObject: {fileID: 0}
  m_PrefabInstance: {fileID: 0}
  m_PrefabAsset: {fileID: 0}
  m_GameObject: {fileID: 3314860211880851049}
  m_Enabled: 1
  m_EditorHideFlags: 0
  m_Script: {fileID: 11500000, guid: fe87c0e1cc204ed48ad3b37840f39efc, type: 3}
  m_Name: 
  m_EditorClassIdentifier: 
  m_Material: {fileID: 0}
  m_Color: {r: 1, g: 1, b: 1, a: 1}
  m_RaycastTarget: 0
  m_OnCullStateChanged:
    m_PersistentCalls:
      m_Calls: []
  m_Sprite: {fileID: 21300000, guid: 16d1684074d78724c8e0b3ae97171621, type: 3}
  m_Type: 0
  m_PreserveAspect: 1
  m_FillCenter: 1
  m_FillMethod: 4
  m_FillAmount: 1
  m_FillClockwise: 1
  m_FillOrigin: 0
  m_UseSpriteMesh: 0
  m_PixelsPerUnitMultiplier: 1
--- !u!114 &1272510092
MonoBehaviour:
  m_ObjectHideFlags: 0
  m_CorrespondingSourceObject: {fileID: 0}
  m_PrefabInstance: {fileID: 0}
  m_PrefabAsset: {fileID: 0}
  m_GameObject: {fileID: 3314860211880851049}
  m_Enabled: 1
  m_EditorHideFlags: 0
  m_Script: {fileID: 11500000, guid: 4d0390bd8b8ffd640b34fe25065ff1df, type: 3}
  m_Name: 
  m_EditorClassIdentifier: 
  updateType: 0
  isSpeedBased: 1
  hasOnStart: 0
  hasOnPlay: 0
  hasOnUpdate: 0
  hasOnStepComplete: 0
  hasOnComplete: 0
  hasOnTweenCreated: 0
  hasOnRewind: 0
  onStart:
    m_PersistentCalls:
      m_Calls: []
  onPlay:
    m_PersistentCalls:
      m_Calls: []
  onUpdate:
    m_PersistentCalls:
      m_Calls: []
  onStepComplete:
    m_PersistentCalls:
      m_Calls: []
  onComplete:
    m_PersistentCalls:
      m_Calls: []
  onTweenCreated:
    m_PersistentCalls:
      m_Calls: []
  onRewind:
    m_PersistentCalls:
      m_Calls: []
  targetIsSelf: 1
  targetGO: {fileID: 0}
  tweenTargetIsTargetGO: 1
  delay: 0
  duration: 10
  easeType: 20
  easeCurve:
    serializedVersion: 2
    m_Curve:
    - serializedVersion: 3
      time: 0
      value: 0
      inSlope: 0
      outSlope: 0
      tangentMode: 0
      weightedMode: 0
      inWeight: 0
      outWeight: 0
    - serializedVersion: 3
      time: 1
      value: 1
      inSlope: 0
      outSlope: 0
      tangentMode: 0
      weightedMode: 0
      inWeight: 0
      outWeight: 0
    m_PreInfinity: 2
    m_PostInfinity: 2
    m_RotationOrder: 4
  loopType: 1
  loops: -1
  id: 
  isRelative: 0
  isFrom: 0
  isIndependentUpdate: 0
  autoKill: 1
  isActive: 1
  isValid: 1
  target: {fileID: 3314860211880851030}
  animationType: 1
  targetType: 5
  forcedTargetType: 0
  autoPlay: 1
  useTargetAsV3: 0
  endValueFloat: 0
  endValueV3: {x: 0, y: 100, z: 0}
  endValueV2: {x: 0, y: 0}
  endValueColor: {r: 1, g: 1, b: 1, a: 1}
  endValueString: 
  endValueRect:
    serializedVersion: 2
    x: 0
    y: 0
    width: 0
    height: 0
  endValueTransform: {fileID: 0}
  optionalBool0: 0
  optionalFloat0: 0
  optionalInt0: 10
  optionalRotationMode: 0
  optionalScrambleMode: 0
  optionalString: 
--- !u!1 &3314860211950624729
GameObject:
  m_ObjectHideFlags: 0
  m_CorrespondingSourceObject: {fileID: 0}
  m_PrefabInstance: {fileID: 0}
  m_PrefabAsset: {fileID: 0}
  serializedVersion: 6
  m_Component:
  - component: {fileID: 3314860211950624710}
  - component: {fileID: 3314860211950624708}
  - component: {fileID: 3314860211950624711}
  - component: {fileID: 3314860211950624709}
  m_Layer: 5
  m_Name: page1
  m_TagString: Untagged
  m_Icon: {fileID: 0}
  m_NavMeshLayer: 0
  m_StaticEditorFlags: 0
  m_IsActive: 1
--- !u!224 &3314860211950624710
RectTransform:
  m_ObjectHideFlags: 0
  m_CorrespondingSourceObject: {fileID: 0}
  m_PrefabInstance: {fileID: 0}
  m_PrefabAsset: {fileID: 0}
  m_GameObject: {fileID: 3314860211950624729}
  m_LocalRotation: {x: 0, y: 0, z: 0, w: 1}
  m_LocalPosition: {x: 0, y: 0, z: 0}
  m_LocalScale: {x: 1, y: 1, z: 1}
  m_Children:
  - {fileID: 2593075594642785126}
  - {fileID: 3314860211771032621}
  m_Father: {fileID: 0}
  m_RootOrder: 0
  m_LocalEulerAnglesHint: {x: 0, y: 0, z: 0}
  m_AnchorMin: {x: 0, y: 0}
  m_AnchorMax: {x: 0, y: 0}
  m_AnchoredPosition: {x: 0, y: 0}
  m_SizeDelta: {x: 1080, y: 1920}
  m_Pivot: {x: 0.5, y: 0.5}
--- !u!222 &3314860211950624708
CanvasRenderer:
  m_ObjectHideFlags: 0
  m_CorrespondingSourceObject: {fileID: 0}
  m_PrefabInstance: {fileID: 0}
  m_PrefabAsset: {fileID: 0}
  m_GameObject: {fileID: 3314860211950624729}
  m_CullTransparentMesh: 0
--- !u!114 &3314860211950624711
MonoBehaviour:
  m_ObjectHideFlags: 0
  m_CorrespondingSourceObject: {fileID: 0}
  m_PrefabInstance: {fileID: 0}
  m_PrefabAsset: {fileID: 0}
  m_GameObject: {fileID: 3314860211950624729}
  m_Enabled: 0
  m_EditorHideFlags: 0
  m_Script: {fileID: 11500000, guid: fe87c0e1cc204ed48ad3b37840f39efc, type: 3}
  m_Name: 
  m_EditorClassIdentifier: 
  m_Material: {fileID: 0}
  m_Color: {r: 1, g: 1, b: 1, a: 1}
  m_RaycastTarget: 1
  m_OnCullStateChanged:
    m_PersistentCalls:
      m_Calls: []
  m_Sprite: {fileID: 21300000, guid: adf8c79bea12aef4ebb515d2da8aaf18, type: 3}
  m_Type: 3
  m_PreserveAspect: 0
  m_FillCenter: 1
  m_FillMethod: 0
  m_FillAmount: 1
  m_FillClockwise: 1
  m_FillOrigin: 0
  m_UseSpriteMesh: 0
  m_PixelsPerUnitMultiplier: 1
--- !u!114 &3314860211950624709
MonoBehaviour:
  m_ObjectHideFlags: 0
  m_CorrespondingSourceObject: {fileID: 0}
  m_PrefabInstance: {fileID: 0}
  m_PrefabAsset: {fileID: 0}
  m_GameObject: {fileID: 3314860211950624729}
  m_Enabled: 1
  m_EditorHideFlags: 0
  m_Script: {fileID: 11500000, guid: c7b3e20c2fe25476fba28cafa6b7fed3, type: 3}
  m_Name: 
  m_EditorClassIdentifier: 
  Canvas: {fileID: 0}
  Page: {fileID: 3314860211950624710}
--- !u!1 &3314860212642357887
GameObject:
  m_ObjectHideFlags: 0
  m_CorrespondingSourceObject: {fileID: 0}
  m_PrefabInstance: {fileID: 0}
  m_PrefabAsset: {fileID: 0}
  serializedVersion: 6
  m_Component:
  - component: {fileID: 3314860212642357884}
  - component: {fileID: 3314860212642357882}
  - component: {fileID: 3314860212642357885}
  m_Layer: 5
  m_Name: Image
  m_TagString: Untagged
  m_Icon: {fileID: 0}
  m_NavMeshLayer: 0
  m_StaticEditorFlags: 0
  m_IsActive: 1
--- !u!224 &3314860212642357884
RectTransform:
  m_ObjectHideFlags: 0
  m_CorrespondingSourceObject: {fileID: 0}
  m_PrefabInstance: {fileID: 0}
  m_PrefabAsset: {fileID: 0}
  m_GameObject: {fileID: 3314860212642357887}
  m_LocalRotation: {x: 0, y: 0, z: 0, w: 1}
  m_LocalPosition: {x: 0, y: 0, z: 0}
  m_LocalScale: {x: 1, y: 1, z: 1}
  m_Children: []
  m_Father: {fileID: 3314860211771032621}
  m_RootOrder: 1
  m_LocalEulerAnglesHint: {x: 0, y: 0, z: 0}
  m_AnchorMin: {x: 0.5, y: 0}
  m_AnchorMax: {x: 0.5, y: 0}
  m_AnchoredPosition: {x: -48.2, y: 43.4}
  m_SizeDelta: {x: 35, y: 64}
  m_Pivot: {x: 0.5, y: 0}
--- !u!222 &3314860212642357882
CanvasRenderer:
  m_ObjectHideFlags: 0
  m_CorrespondingSourceObject: {fileID: 0}
  m_PrefabInstance: {fileID: 0}
  m_PrefabAsset: {fileID: 0}
  m_GameObject: {fileID: 3314860212642357887}
  m_CullTransparentMesh: 0
--- !u!114 &3314860212642357885
MonoBehaviour:
  m_ObjectHideFlags: 0
  m_CorrespondingSourceObject: {fileID: 0}
  m_PrefabInstance: {fileID: 0}
  m_PrefabAsset: {fileID: 0}
  m_GameObject: {fileID: 3314860212642357887}
  m_Enabled: 1
  m_EditorHideFlags: 0
  m_Script: {fileID: 11500000, guid: fe87c0e1cc204ed48ad3b37840f39efc, type: 3}
  m_Name: 
  m_EditorClassIdentifier: 
  m_Material: {fileID: 0}
  m_Color: {r: 1, g: 1, b: 1, a: 1}
  m_RaycastTarget: 1
  m_OnCullStateChanged:
    m_PersistentCalls:
      m_Calls: []
  m_Sprite: {fileID: 21300000, guid: 86802d7bf01be5d4696f88f0aa7890ae, type: 3}
  m_Type: 0
  m_PreserveAspect: 0
  m_FillCenter: 1
  m_FillMethod: 4
  m_FillAmount: 1
  m_FillClockwise: 1
  m_FillOrigin: 0
  m_UseSpriteMesh: 0
  m_PixelsPerUnitMultiplier: 1
--- !u!1 &7696818607495693512
GameObject:
  m_ObjectHideFlags: 0
  m_CorrespondingSourceObject: {fileID: 0}
  m_PrefabInstance: {fileID: 0}
  m_PrefabAsset: {fileID: 0}
  serializedVersion: 6
  m_Component:
  - component: {fileID: 2593075594642785126}
  m_Layer: 5
  m_Name: GameObject
  m_TagString: Untagged
  m_Icon: {fileID: 0}
  m_NavMeshLayer: 0
  m_StaticEditorFlags: 0
  m_IsActive: 1
--- !u!224 &2593075594642785126
RectTransform:
  m_ObjectHideFlags: 0
  m_CorrespondingSourceObject: {fileID: 0}
  m_PrefabInstance: {fileID: 0}
  m_PrefabAsset: {fileID: 0}
  m_GameObject: {fileID: 7696818607495693512}
  m_LocalRotation: {x: 0, y: 0, z: 0, w: 1}
  m_LocalPosition: {x: 0, y: 0, z: 0}
  m_LocalScale: {x: 1, y: 1, z: 1}
  m_Children:
  - {fileID: 6287640625688859229}
  - {fileID: 3314860211880851030}
  - {fileID: 779135453450798393}
  m_Father: {fileID: 3314860211950624710}
  m_RootOrder: 0
  m_LocalEulerAnglesHint: {x: 0, y: 0, z: 0}
  m_AnchorMin: {x: 0, y: 0.2671875}
  m_AnchorMax: {x: 1, y: 0.8911458}
  m_AnchoredPosition: {x: 0, y: 65}
  m_SizeDelta: {x: 0, y: 0}
  m_Pivot: {x: 0.5, y: 1}
--- !u!1001 &3314860210809775493
PrefabInstance:
  m_ObjectHideFlags: 0
  serializedVersion: 2
  m_Modification:
    m_TransformParent: {fileID: 3314860211771032621}
    m_Modifications:
    - target: {fileID: 8737704666114419656, guid: c091fd61de0037f4780d4d248eb5b075,
        type: 3}
      propertyPath: m_LocalPosition.x
      value: 0
      objectReference: {fileID: 0}
    - target: {fileID: 8737704666114419656, guid: c091fd61de0037f4780d4d248eb5b075,
        type: 3}
      propertyPath: m_LocalPosition.y
      value: 0
      objectReference: {fileID: 0}
    - target: {fileID: 8737704666114419656, guid: c091fd61de0037f4780d4d248eb5b075,
        type: 3}
      propertyPath: m_LocalPosition.z
      value: 0
      objectReference: {fileID: 0}
    - target: {fileID: 8737704666114419656, guid: c091fd61de0037f4780d4d248eb5b075,
        type: 3}
      propertyPath: m_LocalRotation.x
      value: -0
      objectReference: {fileID: 0}
    - target: {fileID: 8737704666114419656, guid: c091fd61de0037f4780d4d248eb5b075,
        type: 3}
      propertyPath: m_LocalRotation.y
      value: -0
      objectReference: {fileID: 0}
    - target: {fileID: 8737704666114419656, guid: c091fd61de0037f4780d4d248eb5b075,
        type: 3}
      propertyPath: m_LocalRotation.z
      value: -0
      objectReference: {fileID: 0}
    - target: {fileID: 8737704666114419656, guid: c091fd61de0037f4780d4d248eb5b075,
        type: 3}
      propertyPath: m_LocalRotation.w
      value: 1
      objectReference: {fileID: 0}
    - target: {fileID: 8737704666114419656, guid: c091fd61de0037f4780d4d248eb5b075,
        type: 3}
      propertyPath: m_RootOrder
      value: 0
      objectReference: {fileID: 0}
    - target: {fileID: 8737704666114419656, guid: c091fd61de0037f4780d4d248eb5b075,
        type: 3}
      propertyPath: m_LocalEulerAnglesHint.x
      value: 0
      objectReference: {fileID: 0}
    - target: {fileID: 8737704666114419656, guid: c091fd61de0037f4780d4d248eb5b075,
        type: 3}
      propertyPath: m_LocalEulerAnglesHint.y
      value: 0
      objectReference: {fileID: 0}
    - target: {fileID: 8737704666114419656, guid: c091fd61de0037f4780d4d248eb5b075,
        type: 3}
      propertyPath: m_LocalEulerAnglesHint.z
      value: 0
      objectReference: {fileID: 0}
    - target: {fileID: 8737704666114419656, guid: c091fd61de0037f4780d4d248eb5b075,
        type: 3}
      propertyPath: m_AnchoredPosition.x
      value: -6.6
      objectReference: {fileID: 0}
    - target: {fileID: 8737704666114419656, guid: c091fd61de0037f4780d4d248eb5b075,
        type: 3}
      propertyPath: m_AnchoredPosition.y
      value: -1.2000122
      objectReference: {fileID: 0}
    - target: {fileID: 8737704666114419656, guid: c091fd61de0037f4780d4d248eb5b075,
        type: 3}
      propertyPath: m_SizeDelta.x
      value: 357
      objectReference: {fileID: 0}
    - target: {fileID: 8737704666114419656, guid: c091fd61de0037f4780d4d248eb5b075,
        type: 3}
      propertyPath: m_SizeDelta.y
      value: 175
      objectReference: {fileID: 0}
    - target: {fileID: 8737704666114419656, guid: c091fd61de0037f4780d4d248eb5b075,
        type: 3}
      propertyPath: m_AnchorMin.x
      value: 0.5
      objectReference: {fileID: 0}
    - target: {fileID: 8737704666114419656, guid: c091fd61de0037f4780d4d248eb5b075,
        type: 3}
      propertyPath: m_AnchorMin.y
      value: 0.5
      objectReference: {fileID: 0}
    - target: {fileID: 8737704666114419656, guid: c091fd61de0037f4780d4d248eb5b075,
        type: 3}
      propertyPath: m_AnchorMax.x
      value: 0.5
      objectReference: {fileID: 0}
    - target: {fileID: 8737704666114419656, guid: c091fd61de0037f4780d4d248eb5b075,
        type: 3}
      propertyPath: m_AnchorMax.y
      value: 0.5
      objectReference: {fileID: 0}
    - target: {fileID: 8737704666114419656, guid: c091fd61de0037f4780d4d248eb5b075,
        type: 3}
      propertyPath: m_Pivot.x
      value: 0.5
      objectReference: {fileID: 0}
    - target: {fileID: 8737704666114419656, guid: c091fd61de0037f4780d4d248eb5b075,
        type: 3}
      propertyPath: m_Pivot.y
      value: 0.5
      objectReference: {fileID: 0}
    - target: {fileID: 8737704666114419657, guid: c091fd61de0037f4780d4d248eb5b075,
        type: 3}
      propertyPath: m_textInfo.characterCount
      value: 5
      objectReference: {fileID: 0}
    - target: {fileID: 8737704666114419657, guid: c091fd61de0037f4780d4d248eb5b075,
        type: 3}
      propertyPath: m_textInfo.spaceCount
      value: 1
      objectReference: {fileID: 0}
    - target: {fileID: 8737704666114419657, guid: c091fd61de0037f4780d4d248eb5b075,
        type: 3}
      propertyPath: m_textInfo.wordCount
      value: 1
      objectReference: {fileID: 0}
    - target: {fileID: 8737704666114419657, guid: c091fd61de0037f4780d4d248eb5b075,
        type: 3}
      propertyPath: m_textInfo.lineCount
      value: 1
      objectReference: {fileID: 0}
    - target: {fileID: 8737704666114419657, guid: c091fd61de0037f4780d4d248eb5b075,
        type: 3}
      propertyPath: m_textInfo.pageCount
      value: 1
      objectReference: {fileID: 0}
    - target: {fileID: 8737704666114419657, guid: c091fd61de0037f4780d4d248eb5b075,
        type: 3}
      propertyPath: m_margin.x
      value: 0.9660653
      objectReference: {fileID: 0}
    - target: {fileID: 8737704666114419657, guid: c091fd61de0037f4780d4d248eb5b075,
        type: 3}
      propertyPath: m_margin.w
      value: 98.830635
      objectReference: {fileID: 0}
    - target: {fileID: 8737704666114419657, guid: c091fd61de0037f4780d4d248eb5b075,
        type: 3}
      propertyPath: m_firstOverflowCharacterIndex
      value: 0
      objectReference: {fileID: 0}
    - target: {fileID: 8737704666114419657, guid: c091fd61de0037f4780d4d248eb5b075,
        type: 3}
      propertyPath: m_margin.z
      value: -2.1680446
      objectReference: {fileID: 0}
    - target: {fileID: 8737704666114419657, guid: c091fd61de0037f4780d4d248eb5b075,
        type: 3}
      propertyPath: m_text
      value: 'Play

'
      objectReference: {fileID: 0}
    - target: {fileID: 8737704666114419657, guid: c091fd61de0037f4780d4d248eb5b075,
        type: 3}
      propertyPath: m_fontSize
      value: 49.83
      objectReference: {fileID: 0}
    - target: {fileID: 8737704666114419657, guid: c091fd61de0037f4780d4d248eb5b075,
        type: 3}
      propertyPath: m_fontSizeBase
      value: 49.83
      objectReference: {fileID: 0}
    - target: {fileID: 8737704666114419657, guid: c091fd61de0037f4780d4d248eb5b075,
        type: 3}
      propertyPath: m_characterSpacing
      value: 4.5
      objectReference: {fileID: 0}
    - target: {fileID: 8737704666114419659, guid: c091fd61de0037f4780d4d248eb5b075,
        type: 3}
      propertyPath: m_Name
      value: GradientText
      objectReference: {fileID: 0}
    m_RemovedComponents: []
  m_SourcePrefab: {fileID: 100100000, guid: c091fd61de0037f4780d4d248eb5b075, type: 3}
--- !u!224 &6287640625821077069 stripped
RectTransform:
  m_CorrespondingSourceObject: {fileID: 8737704666114419656, guid: c091fd61de0037f4780d4d248eb5b075,
    type: 3}
  m_PrefabInstance: {fileID: 3314860210809775493}
  m_PrefabAsset: {fileID: 0}
--- !u!1001 &3314860210945407381
PrefabInstance:
  m_ObjectHideFlags: 0
  serializedVersion: 2
  m_Modification:
    m_TransformParent: {fileID: 2593075594642785126}
    m_Modifications:
    - target: {fileID: 8737704666114419656, guid: c091fd61de0037f4780d4d248eb5b075,
        type: 3}
      propertyPath: m_LocalPosition.x
      value: 0
      objectReference: {fileID: 0}
    - target: {fileID: 8737704666114419656, guid: c091fd61de0037f4780d4d248eb5b075,
        type: 3}
      propertyPath: m_LocalPosition.y
      value: 0
      objectReference: {fileID: 0}
    - target: {fileID: 8737704666114419656, guid: c091fd61de0037f4780d4d248eb5b075,
        type: 3}
      propertyPath: m_LocalPosition.z
      value: 0
      objectReference: {fileID: 0}
    - target: {fileID: 8737704666114419656, guid: c091fd61de0037f4780d4d248eb5b075,
        type: 3}
      propertyPath: m_LocalRotation.x
      value: -0
      objectReference: {fileID: 0}
    - target: {fileID: 8737704666114419656, guid: c091fd61de0037f4780d4d248eb5b075,
        type: 3}
      propertyPath: m_LocalRotation.y
      value: -0
      objectReference: {fileID: 0}
    - target: {fileID: 8737704666114419656, guid: c091fd61de0037f4780d4d248eb5b075,
        type: 3}
      propertyPath: m_LocalRotation.z
      value: -0
      objectReference: {fileID: 0}
    - target: {fileID: 8737704666114419656, guid: c091fd61de0037f4780d4d248eb5b075,
        type: 3}
      propertyPath: m_LocalRotation.w
      value: 1
      objectReference: {fileID: 0}
    - target: {fileID: 8737704666114419656, guid: c091fd61de0037f4780d4d248eb5b075,
        type: 3}
      propertyPath: m_RootOrder
      value: 0
      objectReference: {fileID: 0}
    - target: {fileID: 8737704666114419656, guid: c091fd61de0037f4780d4d248eb5b075,
        type: 3}
      propertyPath: m_LocalEulerAnglesHint.x
      value: 0
      objectReference: {fileID: 0}
    - target: {fileID: 8737704666114419656, guid: c091fd61de0037f4780d4d248eb5b075,
        type: 3}
      propertyPath: m_LocalEulerAnglesHint.y
      value: 0
      objectReference: {fileID: 0}
    - target: {fileID: 8737704666114419656, guid: c091fd61de0037f4780d4d248eb5b075,
        type: 3}
      propertyPath: m_LocalEulerAnglesHint.z
      value: 0
      objectReference: {fileID: 0}
    - target: {fileID: 8737704666114419656, guid: c091fd61de0037f4780d4d248eb5b075,
        type: 3}
      propertyPath: m_AnchoredPosition.x
      value: 0
      objectReference: {fileID: 0}
    - target: {fileID: 8737704666114419656, guid: c091fd61de0037f4780d4d248eb5b075,
        type: 3}
      propertyPath: m_AnchoredPosition.y
      value: 0
      objectReference: {fileID: 0}
    - target: {fileID: 8737704666114419656, guid: c091fd61de0037f4780d4d248eb5b075,
        type: 3}
      propertyPath: m_SizeDelta.x
      value: 0
      objectReference: {fileID: 0}
    - target: {fileID: 8737704666114419656, guid: c091fd61de0037f4780d4d248eb5b075,
        type: 3}
      propertyPath: m_SizeDelta.y
      value: 0
      objectReference: {fileID: 0}
    - target: {fileID: 8737704666114419656, guid: c091fd61de0037f4780d4d248eb5b075,
        type: 3}
      propertyPath: m_AnchorMin.x
      value: 0.1587963
      objectReference: {fileID: 0}
    - target: {fileID: 8737704666114419656, guid: c091fd61de0037f4780d4d248eb5b075,
        type: 3}
      propertyPath: m_AnchorMin.y
      value: 0.85399634
      objectReference: {fileID: 0}
    - target: {fileID: 8737704666114419656, guid: c091fd61de0037f4780d4d248eb5b075,
        type: 3}
      propertyPath: m_AnchorMax.x
      value: 0.8412037
      objectReference: {fileID: 0}
    - target: {fileID: 8737704666114419656, guid: c091fd61de0037f4780d4d248eb5b075,
        type: 3}
      propertyPath: m_AnchorMax.y
      value: 1
      objectReference: {fileID: 0}
    - target: {fileID: 8737704666114419656, guid: c091fd61de0037f4780d4d248eb5b075,
        type: 3}
      propertyPath: m_Pivot.x
      value: 0.5
      objectReference: {fileID: 0}
    - target: {fileID: 8737704666114419656, guid: c091fd61de0037f4780d4d248eb5b075,
        type: 3}
      propertyPath: m_Pivot.y
      value: 1
      objectReference: {fileID: 0}
    - target: {fileID: 8737704666114419657, guid: c091fd61de0037f4780d4d248eb5b075,
        type: 3}
      propertyPath: m_textInfo.characterCount
      value: 14
      objectReference: {fileID: 0}
    - target: {fileID: 8737704666114419657, guid: c091fd61de0037f4780d4d248eb5b075,
        type: 3}
      propertyPath: m_textInfo.spaceCount
      value: 1
      objectReference: {fileID: 0}
    - target: {fileID: 8737704666114419657, guid: c091fd61de0037f4780d4d248eb5b075,
        type: 3}
      propertyPath: m_textInfo.wordCount
      value: 2
      objectReference: {fileID: 0}
    - target: {fileID: 8737704666114419657, guid: c091fd61de0037f4780d4d248eb5b075,
        type: 3}
      propertyPath: m_textInfo.lineCount
      value: 1
      objectReference: {fileID: 0}
    - target: {fileID: 8737704666114419657, guid: c091fd61de0037f4780d4d248eb5b075,
        type: 3}
      propertyPath: m_textInfo.pageCount
      value: 1
      objectReference: {fileID: 0}
    - target: {fileID: 8737704666114419657, guid: c091fd61de0037f4780d4d248eb5b075,
        type: 3}
      propertyPath: m_margin.x
      value: 0.75298
      objectReference: {fileID: 0}
    - target: {fileID: 8737704666114419657, guid: c091fd61de0037f4780d4d248eb5b075,
        type: 3}
      propertyPath: m_margin.z
      value: -0.41783226
      objectReference: {fileID: 0}
    - target: {fileID: 8737704666114419657, guid: c091fd61de0037f4780d4d248eb5b075,
        type: 3}
      propertyPath: m_text
      value: Abandoned Ship
      objectReference: {fileID: 0}
    - target: {fileID: 8737704666114419657, guid: c091fd61de0037f4780d4d248eb5b075,
        type: 3}
      propertyPath: m_firstOverflowCharacterIndex
      value: -1
      objectReference: {fileID: 0}
    - target: {fileID: 8737704666114419657, guid: c091fd61de0037f4780d4d248eb5b075,
        type: 3}
      propertyPath: m_fontSize
      value: 48.72
      objectReference: {fileID: 0}
    - target: {fileID: 8737704666114419657, guid: c091fd61de0037f4780d4d248eb5b075,
        type: 3}
      propertyPath: m_fontSizeBase
      value: 48.72
      objectReference: {fileID: 0}
    - target: {fileID: 8737704666114419657, guid: c091fd61de0037f4780d4d248eb5b075,
        type: 3}
      propertyPath: m_characterSpacing
      value: 1.2
      objectReference: {fileID: 0}
    - target: {fileID: 8737704666114419659, guid: c091fd61de0037f4780d4d248eb5b075,
        type: 3}
      propertyPath: m_Name
      value: GradientText
      objectReference: {fileID: 0}
    m_RemovedComponents: []
  m_SourcePrefab: {fileID: 100100000, guid: c091fd61de0037f4780d4d248eb5b075, type: 3}
--- !u!224 &6287640625688859229 stripped
RectTransform:
  m_CorrespondingSourceObject: {fileID: 8737704666114419656, guid: c091fd61de0037f4780d4d248eb5b075,
    type: 3}
  m_PrefabInstance: {fileID: 3314860210945407381}
  m_PrefabAsset: {fileID: 0}
--- !u!1001 &3314860211341685354
PrefabInstance:
  m_ObjectHideFlags: 0
  serializedVersion: 2
  m_Modification:
    m_TransformParent: {fileID: 3314860211771032621}
    m_Modifications:
    - target: {fileID: 8737704666114419656, guid: c091fd61de0037f4780d4d248eb5b075,
        type: 3}
      propertyPath: m_LocalPosition.x
      value: 0
      objectReference: {fileID: 0}
    - target: {fileID: 8737704666114419656, guid: c091fd61de0037f4780d4d248eb5b075,
        type: 3}
      propertyPath: m_LocalPosition.y
      value: 0
      objectReference: {fileID: 0}
    - target: {fileID: 8737704666114419656, guid: c091fd61de0037f4780d4d248eb5b075,
        type: 3}
      propertyPath: m_LocalPosition.z
      value: 0
      objectReference: {fileID: 0}
    - target: {fileID: 8737704666114419656, guid: c091fd61de0037f4780d4d248eb5b075,
        type: 3}
      propertyPath: m_LocalRotation.x
      value: -0
      objectReference: {fileID: 0}
    - target: {fileID: 8737704666114419656, guid: c091fd61de0037f4780d4d248eb5b075,
        type: 3}
      propertyPath: m_LocalRotation.y
      value: -0
      objectReference: {fileID: 0}
    - target: {fileID: 8737704666114419656, guid: c091fd61de0037f4780d4d248eb5b075,
        type: 3}
      propertyPath: m_LocalRotation.z
      value: -0
      objectReference: {fileID: 0}
    - target: {fileID: 8737704666114419656, guid: c091fd61de0037f4780d4d248eb5b075,
        type: 3}
      propertyPath: m_LocalRotation.w
      value: 1
      objectReference: {fileID: 0}
    - target: {fileID: 8737704666114419656, guid: c091fd61de0037f4780d4d248eb5b075,
        type: 3}
      propertyPath: m_RootOrder
      value: 2
      objectReference: {fileID: 0}
    - target: {fileID: 8737704666114419656, guid: c091fd61de0037f4780d4d248eb5b075,
        type: 3}
      propertyPath: m_LocalEulerAnglesHint.x
      value: 0
      objectReference: {fileID: 0}
    - target: {fileID: 8737704666114419656, guid: c091fd61de0037f4780d4d248eb5b075,
        type: 3}
      propertyPath: m_LocalEulerAnglesHint.y
      value: 0
      objectReference: {fileID: 0}
    - target: {fileID: 8737704666114419656, guid: c091fd61de0037f4780d4d248eb5b075,
        type: 3}
      propertyPath: m_LocalEulerAnglesHint.z
      value: 0
      objectReference: {fileID: 0}
    - target: {fileID: 8737704666114419656, guid: c091fd61de0037f4780d4d248eb5b075,
        type: 3}
      propertyPath: m_AnchoredPosition.x
      value: 0.6
      objectReference: {fileID: 0}
    - target: {fileID: 8737704666114419656, guid: c091fd61de0037f4780d4d248eb5b075,
        type: 3}
      propertyPath: m_AnchoredPosition.y
      value: 0
      objectReference: {fileID: 0}
    - target: {fileID: 8737704666114419656, guid: c091fd61de0037f4780d4d248eb5b075,
        type: 3}
      propertyPath: m_SizeDelta.x
      value: 357
      objectReference: {fileID: 0}
    - target: {fileID: 8737704666114419656, guid: c091fd61de0037f4780d4d248eb5b075,
        type: 3}
      propertyPath: m_SizeDelta.y
      value: 175
      objectReference: {fileID: 0}
    - target: {fileID: 8737704666114419656, guid: c091fd61de0037f4780d4d248eb5b075,
        type: 3}
      propertyPath: m_AnchorMin.x
      value: 0.5
      objectReference: {fileID: 0}
    - target: {fileID: 8737704666114419656, guid: c091fd61de0037f4780d4d248eb5b075,
        type: 3}
      propertyPath: m_AnchorMin.y
      value: 0.5
      objectReference: {fileID: 0}
    - target: {fileID: 8737704666114419656, guid: c091fd61de0037f4780d4d248eb5b075,
        type: 3}
      propertyPath: m_AnchorMax.x
      value: 0.5
      objectReference: {fileID: 0}
    - target: {fileID: 8737704666114419656, guid: c091fd61de0037f4780d4d248eb5b075,
        type: 3}
      propertyPath: m_AnchorMax.y
      value: 0.5
      objectReference: {fileID: 0}
    - target: {fileID: 8737704666114419656, guid: c091fd61de0037f4780d4d248eb5b075,
        type: 3}
      propertyPath: m_Pivot.x
      value: 0.5
      objectReference: {fileID: 0}
    - target: {fileID: 8737704666114419656, guid: c091fd61de0037f4780d4d248eb5b075,
        type: 3}
      propertyPath: m_Pivot.y
      value: 0.5
      objectReference: {fileID: 0}
    - target: {fileID: 8737704666114419657, guid: c091fd61de0037f4780d4d248eb5b075,
        type: 3}
      propertyPath: m_textInfo.characterCount
      value: 3
      objectReference: {fileID: 0}
    - target: {fileID: 8737704666114419657, guid: c091fd61de0037f4780d4d248eb5b075,
        type: 3}
      propertyPath: m_textInfo.spaceCount
      value: 1
      objectReference: {fileID: 0}
    - target: {fileID: 8737704666114419657, guid: c091fd61de0037f4780d4d248eb5b075,
        type: 3}
      propertyPath: m_textInfo.wordCount
      value: 1
      objectReference: {fileID: 0}
    - target: {fileID: 8737704666114419657, guid: c091fd61de0037f4780d4d248eb5b075,
        type: 3}
      propertyPath: m_textInfo.lineCount
      value: 1
      objectReference: {fileID: 0}
    - target: {fileID: 8737704666114419657, guid: c091fd61de0037f4780d4d248eb5b075,
        type: 3}
      propertyPath: m_textInfo.pageCount
      value: 1
      objectReference: {fileID: 0}
    - target: {fileID: 8737704666114419657, guid: c091fd61de0037f4780d4d248eb5b075,
        type: 3}
      propertyPath: m_margin.w
      value: 22.852488
      objectReference: {fileID: 0}
    - target: {fileID: 8737704666114419657, guid: c091fd61de0037f4780d4d248eb5b075,
        type: 3}
      propertyPath: m_margin.z
      value: 53.911026
      objectReference: {fileID: 0}
    - target: {fileID: 8737704666114419657, guid: c091fd61de0037f4780d4d248eb5b075,
        type: 3}
      propertyPath: m_margin.y
      value: 94.90883
      objectReference: {fileID: 0}
    - target: {fileID: 8737704666114419657, guid: c091fd61de0037f4780d4d248eb5b075,
        type: 3}
      propertyPath: m_firstOverflowCharacterIndex
      value: -1
      objectReference: {fileID: 0}
    - target: {fileID: 8737704666114419657, guid: c091fd61de0037f4780d4d248eb5b075,
        type: 3}
      propertyPath: m_margin.x
      value: 161.36432
      objectReference: {fileID: 0}
    - target: {fileID: 8737704666114419657, guid: c091fd61de0037f4780d4d248eb5b075,
        type: 3}
      propertyPath: m_text
      value: 'x5

'
      objectReference: {fileID: 0}
    - target: {fileID: 8737704666114419657, guid: c091fd61de0037f4780d4d248eb5b075,
        type: 3}
      propertyPath: m_fontSize
      value: 36.67
      objectReference: {fileID: 0}
    - target: {fileID: 8737704666114419657, guid: c091fd61de0037f4780d4d248eb5b075,
        type: 3}
      propertyPath: m_fontSizeBase
      value: 36.67
      objectReference: {fileID: 0}
    - target: {fileID: 8737704666114419657, guid: c091fd61de0037f4780d4d248eb5b075,
        type: 3}
      propertyPath: m_textAlignment
      value: 513
      objectReference: {fileID: 0}
    - target: {fileID: 8737704666114419657, guid: c091fd61de0037f4780d4d248eb5b075,
        type: 3}
      propertyPath: m_characterSpacing
      value: 9.63
      objectReference: {fileID: 0}
    - target: {fileID: 8737704666114419659, guid: c091fd61de0037f4780d4d248eb5b075,
        type: 3}
      propertyPath: m_Name
      value: GradientText (1)
      objectReference: {fileID: 0}
    m_RemovedComponents: []
  m_SourcePrefab: {fileID: 100100000, guid: c091fd61de0037f4780d4d248eb5b075, type: 3}
--- !u!224 &6287640625279736226 stripped
RectTransform:
  m_CorrespondingSourceObject: {fileID: 8737704666114419656, guid: c091fd61de0037f4780d4d248eb5b075,
    type: 3}
  m_PrefabInstance: {fileID: 3314860211341685354}
  m_PrefabAsset: {fileID: 0}
--- !u!1001 &3314860211415841161
PrefabInstance:
  m_ObjectHideFlags: 0
  serializedVersion: 2
  m_Modification:
    m_TransformParent: {fileID: 2593075594642785126}
    m_Modifications:
    - target: {fileID: 2652818495189646512, guid: e476e5f5f3de14e4ea394bbc348d156b,
        type: 3}
      propertyPath: m_LocalPosition.x
      value: 0
      objectReference: {fileID: 0}
    - target: {fileID: 2652818495189646512, guid: e476e5f5f3de14e4ea394bbc348d156b,
        type: 3}
      propertyPath: m_LocalPosition.y
      value: 0
      objectReference: {fileID: 0}
    - target: {fileID: 2652818495189646512, guid: e476e5f5f3de14e4ea394bbc348d156b,
        type: 3}
      propertyPath: m_LocalPosition.z
      value: 0
      objectReference: {fileID: 0}
    - target: {fileID: 2652818495189646512, guid: e476e5f5f3de14e4ea394bbc348d156b,
        type: 3}
      propertyPath: m_LocalRotation.x
      value: -0
      objectReference: {fileID: 0}
    - target: {fileID: 2652818495189646512, guid: e476e5f5f3de14e4ea394bbc348d156b,
        type: 3}
      propertyPath: m_LocalRotation.y
      value: -0
      objectReference: {fileID: 0}
    - target: {fileID: 2652818495189646512, guid: e476e5f5f3de14e4ea394bbc348d156b,
        type: 3}
      propertyPath: m_LocalRotation.z
      value: -0
      objectReference: {fileID: 0}
    - target: {fileID: 2652818495189646512, guid: e476e5f5f3de14e4ea394bbc348d156b,
        type: 3}
      propertyPath: m_LocalRotation.w
      value: 1
      objectReference: {fileID: 0}
    - target: {fileID: 2652818495189646512, guid: e476e5f5f3de14e4ea394bbc348d156b,
        type: 3}
      propertyPath: m_RootOrder
      value: 2
      objectReference: {fileID: 0}
    - target: {fileID: 2652818495189646512, guid: e476e5f5f3de14e4ea394bbc348d156b,
        type: 3}
      propertyPath: m_LocalEulerAnglesHint.x
      value: 0
      objectReference: {fileID: 0}
    - target: {fileID: 2652818495189646512, guid: e476e5f5f3de14e4ea394bbc348d156b,
        type: 3}
      propertyPath: m_LocalEulerAnglesHint.y
      value: 0
      objectReference: {fileID: 0}
    - target: {fileID: 2652818495189646512, guid: e476e5f5f3de14e4ea394bbc348d156b,
        type: 3}
      propertyPath: m_LocalEulerAnglesHint.z
      value: 0
      objectReference: {fileID: 0}
    - target: {fileID: 2652818495189646512, guid: e476e5f5f3de14e4ea394bbc348d156b,
        type: 3}
      propertyPath: m_AnchoredPosition.x
      value: 0
      objectReference: {fileID: 0}
    - target: {fileID: 2652818495189646512, guid: e476e5f5f3de14e4ea394bbc348d156b,
        type: 3}
      propertyPath: m_AnchoredPosition.y
      value: 26
      objectReference: {fileID: 0}
    - target: {fileID: 2652818495189646512, guid: e476e5f5f3de14e4ea394bbc348d156b,
        type: 3}
      propertyPath: m_SizeDelta.x
      value: 0
      objectReference: {fileID: 0}
    - target: {fileID: 2652818495189646512, guid: e476e5f5f3de14e4ea394bbc348d156b,
        type: 3}
      propertyPath: m_SizeDelta.y
      value: 0
      objectReference: {fileID: 0}
    - target: {fileID: 2652818495189646512, guid: e476e5f5f3de14e4ea394bbc348d156b,
        type: 3}
      propertyPath: m_AnchorMin.x
      value: 0
      objectReference: {fileID: 0}
    - target: {fileID: 2652818495189646512, guid: e476e5f5f3de14e4ea394bbc348d156b,
        type: 3}
      propertyPath: m_AnchorMin.y
      value: -0.04088103
      objectReference: {fileID: 0}
    - target: {fileID: 2652818495189646512, guid: e476e5f5f3de14e4ea394bbc348d156b,
        type: 3}
      propertyPath: m_AnchorMax.x
      value: 1
      objectReference: {fileID: 0}
    - target: {fileID: 2652818495189646512, guid: e476e5f5f3de14e4ea394bbc348d156b,
        type: 3}
      propertyPath: m_AnchorMax.y
      value: 0.050558966
      objectReference: {fileID: 0}
    - target: {fileID: 2652818495189646512, guid: e476e5f5f3de14e4ea394bbc348d156b,
        type: 3}
      propertyPath: m_Pivot.x
      value: 0.5
      objectReference: {fileID: 0}
    - target: {fileID: 2652818495189646512, guid: e476e5f5f3de14e4ea394bbc348d156b,
        type: 3}
      propertyPath: m_Pivot.y
      value: 0
      objectReference: {fileID: 0}
    - target: {fileID: 2652818495189646513, guid: e476e5f5f3de14e4ea394bbc348d156b,
        type: 3}
      propertyPath: m_textInfo.characterCount
      value: 69
      objectReference: {fileID: 0}
    - target: {fileID: 2652818495189646513, guid: e476e5f5f3de14e4ea394bbc348d156b,
        type: 3}
      propertyPath: m_textInfo.wordCount
      value: 10
      objectReference: {fileID: 0}
    - target: {fileID: 2652818495189646513, guid: e476e5f5f3de14e4ea394bbc348d156b,
        type: 3}
      propertyPath: m_textInfo.lineCount
      value: 2
      objectReference: {fileID: 0}
    - target: {fileID: 2652818495189646513, guid: e476e5f5f3de14e4ea394bbc348d156b,
        type: 3}
      propertyPath: m_textInfo.pageCount
      value: 1
      objectReference: {fileID: 0}
    - target: {fileID: 2652818495189646513, guid: e476e5f5f3de14e4ea394bbc348d156b,
        type: 3}
      propertyPath: m_text
      value: The habitat of numerous puzzling monsters that nobody dares approach!
      objectReference: {fileID: 0}
    - target: {fileID: 2652818495189646513, guid: e476e5f5f3de14e4ea394bbc348d156b,
        type: 3}
      propertyPath: m_textInfo.spaceCount
      value: 9
      objectReference: {fileID: 0}
    - target: {fileID: 2652818495189646513, guid: e476e5f5f3de14e4ea394bbc348d156b,
        type: 3}
      propertyPath: m_firstOverflowCharacterIndex
      value: -1
      objectReference: {fileID: 0}
    - target: {fileID: 2652818495189646513, guid: e476e5f5f3de14e4ea394bbc348d156b,
        type: 3}
      propertyPath: m_fontSize
      value: 26.74
      objectReference: {fileID: 0}
    - target: {fileID: 2652818495189646513, guid: e476e5f5f3de14e4ea394bbc348d156b,
        type: 3}
      propertyPath: m_fontSizeBase
      value: 26.74
      objectReference: {fileID: 0}
    - target: {fileID: 2652818495189646513, guid: e476e5f5f3de14e4ea394bbc348d156b,
        type: 3}
      propertyPath: m_margin.w
      value: -0.94407254
      objectReference: {fileID: 0}
    - target: {fileID: 2652818495189646513, guid: e476e5f5f3de14e4ea394bbc348d156b,
        type: 3}
      propertyPath: m_margin.x
      value: 171.25165
      objectReference: {fileID: 0}
    - target: {fileID: 2652818495189646513, guid: e476e5f5f3de14e4ea394bbc348d156b,
        type: 3}
      propertyPath: m_margin.y
      value: -1.3941191
      objectReference: {fileID: 0}
    - target: {fileID: 2652818495189646513, guid: e476e5f5f3de14e4ea394bbc348d156b,
        type: 3}
      propertyPath: m_margin.z
      value: 165.69453
      objectReference: {fileID: 0}
    - target: {fileID: 2652818495189646513, guid: e476e5f5f3de14e4ea394bbc348d156b,
        type: 3}
      propertyPath: m_RaycastTarget
      value: 0
      objectReference: {fileID: 0}
    - target: {fileID: 2652818495189646515, guid: e476e5f5f3de14e4ea394bbc348d156b,
        type: 3}
      propertyPath: m_Name
      value: SimpleWhite
      objectReference: {fileID: 0}
    m_RemovedComponents: []
  m_SourcePrefab: {fileID: 100100000, guid: e476e5f5f3de14e4ea394bbc348d156b, type: 3}
--- !u!224 &779135453450798393 stripped
RectTransform:
  m_CorrespondingSourceObject: {fileID: 2652818495189646512, guid: e476e5f5f3de14e4ea394bbc348d156b,
    type: 3}
  m_PrefabInstance: {fileID: 3314860211415841161}
  m_PrefabAsset: {fileID: 0}
